%YAML 1.1
%TAG !u! tag:unity3d.com,2011:
--- !u!95 &748484552
Animator:
  serializedVersion: 3
  m_ObjectHideFlags: 0
  m_CorrespondingSourceObject: {fileID: 0}
  m_PrefabInstance: {fileID: 0}
  m_PrefabAsset: {fileID: 0}
  m_GameObject: {fileID: 919132147943015758}
  m_Enabled: 1
  m_Avatar: {fileID: 0}
  m_Controller: {fileID: 9100000, guid: 8eb3095691e8c8740be042e5e96a7cfd, type: 2}
  m_CullingMode: 0
  m_UpdateMode: 0
  m_ApplyRootMotion: 0
  m_LinearVelocityBlending: 0
  m_WarningMessage: 
  m_HasTransformHierarchy: 1
  m_AllowConstantClipSamplingOptimization: 1
  m_KeepAnimatorControllerStateOnDisable: 0
--- !u!1 &1595759281819559029
GameObject:
  m_ObjectHideFlags: 0
  m_CorrespondingSourceObject: {fileID: 0}
  m_PrefabInstance: {fileID: 0}
  m_PrefabAsset: {fileID: 0}
  serializedVersion: 6
  m_Component:
  - component: {fileID: 2090172814163669796}
  - component: {fileID: 1678384099730952034}
  m_Layer: 10
  m_Name: DeathSound
  m_TagString: Untagged
  m_Icon: {fileID: 0}
  m_NavMeshLayer: 0
  m_StaticEditorFlags: 0
  m_IsActive: 1
--- !u!4 &2090172814163669796
Transform:
  m_ObjectHideFlags: 0
  m_CorrespondingSourceObject: {fileID: 0}
  m_PrefabInstance: {fileID: 0}
  m_PrefabAsset: {fileID: 0}
  m_GameObject: {fileID: 1595759281819559029}
  m_LocalRotation: {x: -0, y: 1, z: -0, w: 0}
  m_LocalPosition: {x: 5.7, y: 1.35, z: 14.32}
  m_LocalScale: {x: 1, y: 1, z: 1}
  m_Children: []
  m_Father: {fileID: 4649235662878458035}
  m_RootOrder: 6
  m_LocalEulerAnglesHint: {x: 0, y: 0, z: 0}
--- !u!114 &1678384099730952034
MonoBehaviour:
  m_ObjectHideFlags: 0
  m_CorrespondingSourceObject: {fileID: 0}
  m_PrefabInstance: {fileID: 0}
  m_PrefabAsset: {fileID: 0}
  m_GameObject: {fileID: 1595759281819559029}
  m_Enabled: 1
  m_EditorHideFlags: 0
  m_Script: {fileID: 11500000, guid: c937116280549194ca9fb3caa2232945, type: 3}
  m_Name: 
  m_EditorClassIdentifier: 
  m_playOnStart: 0
  m_loop: 0
  m_clip: Rock_Break
  m_clips: []
--- !u!1 &5182202841576262857
GameObject:
  m_ObjectHideFlags: 0
  m_CorrespondingSourceObject: {fileID: 0}
  m_PrefabInstance: {fileID: 0}
  m_PrefabAsset: {fileID: 0}
  serializedVersion: 6
  m_Component:
  - component: {fileID: 3207657402137741580}
  - component: {fileID: 2303793671406286097}
  m_Layer: 10
  m_Name: FreezeSound
  m_TagString: Untagged
  m_Icon: {fileID: 0}
  m_NavMeshLayer: 0
  m_StaticEditorFlags: 0
  m_IsActive: 1
--- !u!4 &3207657402137741580
Transform:
  m_ObjectHideFlags: 0
  m_CorrespondingSourceObject: {fileID: 0}
  m_PrefabInstance: {fileID: 0}
  m_PrefabAsset: {fileID: 0}
  m_GameObject: {fileID: 5182202841576262857}
  m_LocalRotation: {x: -0, y: -0, z: -0, w: -1}
  m_LocalPosition: {x: -1.54, y: 0.97, z: 14.71}
  m_LocalScale: {x: 1, y: 1, z: 1}
  m_Children: []
  m_Father: {fileID: 4649235662878458035}
  m_RootOrder: 8
  m_LocalEulerAnglesHint: {x: 0, y: 0, z: 0}
--- !u!114 &2303793671406286097
MonoBehaviour:
  m_ObjectHideFlags: 0
  m_CorrespondingSourceObject: {fileID: 0}
  m_PrefabInstance: {fileID: 0}
  m_PrefabAsset: {fileID: 0}
  m_GameObject: {fileID: 5182202841576262857}
  m_Enabled: 1
  m_EditorHideFlags: 0
  m_Script: {fileID: 11500000, guid: c937116280549194ca9fb3caa2232945, type: 3}
  m_Name: 
  m_EditorClassIdentifier: 
  m_playOnStart: 0
  m_loop: 0
  m_clip: Gargouille_Freeze
  m_clips: []
--- !u!1 &5247877636602717531
GameObject:
  m_ObjectHideFlags: 0
  m_CorrespondingSourceObject: {fileID: 0}
  m_PrefabInstance: {fileID: 0}
  m_PrefabAsset: {fileID: 0}
  serializedVersion: 6
  m_Component:
  - component: {fileID: 4961511063986720004}
  - component: {fileID: 7999274936637014954}
  m_Layer: 10
  m_Name: NopeSound
  m_TagString: Untagged
  m_Icon: {fileID: 0}
  m_NavMeshLayer: 0
  m_StaticEditorFlags: 0
  m_IsActive: 1
--- !u!4 &4961511063986720004
Transform:
  m_ObjectHideFlags: 0
  m_CorrespondingSourceObject: {fileID: 0}
  m_PrefabInstance: {fileID: 0}
  m_PrefabAsset: {fileID: 0}
  m_GameObject: {fileID: 5247877636602717531}
  m_LocalRotation: {x: -0, y: -0, z: -0, w: -1}
  m_LocalPosition: {x: -1.54, y: 0.97, z: 14.71}
  m_LocalScale: {x: 1, y: 1, z: 1}
  m_Children: []
  m_Father: {fileID: 4649235662878458035}
  m_RootOrder: 7
  m_LocalEulerAnglesHint: {x: 0, y: 0, z: 0}
--- !u!114 &7999274936637014954
MonoBehaviour:
  m_ObjectHideFlags: 0
  m_CorrespondingSourceObject: {fileID: 0}
  m_PrefabInstance: {fileID: 0}
  m_PrefabAsset: {fileID: 0}
  m_GameObject: {fileID: 5247877636602717531}
  m_Enabled: 1
  m_EditorHideFlags: 0
  m_Script: {fileID: 11500000, guid: c937116280549194ca9fb3caa2232945, type: 3}
  m_Name: 
  m_EditorClassIdentifier: 
  m_playOnStart: 0
  m_loop: 0
  m_clip: Nope
  m_clips: []
--- !u!1 &6930842715599385429
GameObject:
  m_ObjectHideFlags: 0
  m_CorrespondingSourceObject: {fileID: 0}
  m_PrefabInstance: {fileID: 0}
  m_PrefabAsset: {fileID: 0}
  serializedVersion: 6
  m_Component:
  - component: {fileID: 6958253232449333073}
  - component: {fileID: 5407674560092968051}
  m_Layer: 10
  m_Name: HitSound
  m_TagString: Untagged
  m_Icon: {fileID: 0}
  m_NavMeshLayer: 0
  m_StaticEditorFlags: 0
  m_IsActive: 1
--- !u!4 &6958253232449333073
Transform:
  m_ObjectHideFlags: 0
  m_CorrespondingSourceObject: {fileID: 0}
  m_PrefabInstance: {fileID: 0}
  m_PrefabAsset: {fileID: 0}
  m_GameObject: {fileID: 6930842715599385429}
  m_LocalRotation: {x: -0, y: 1, z: -0, w: 0}
  m_LocalPosition: {x: 5.7, y: 1.35, z: 14.32}
  m_LocalScale: {x: 1, y: 1, z: 1}
  m_Children: []
  m_Father: {fileID: 4649235662878458035}
  m_RootOrder: 5
  m_LocalEulerAnglesHint: {x: 0, y: 0, z: 0}
--- !u!114 &5407674560092968051
MonoBehaviour:
  m_ObjectHideFlags: 0
  m_CorrespondingSourceObject: {fileID: 0}
  m_PrefabInstance: {fileID: 0}
  m_PrefabAsset: {fileID: 0}
  m_GameObject: {fileID: 6930842715599385429}
  m_Enabled: 1
  m_EditorHideFlags: 0
  m_Script: {fileID: 11500000, guid: c937116280549194ca9fb3caa2232945, type: 3}
  m_Name: 
  m_EditorClassIdentifier: 
  m_playOnStart: 0
  m_loop: 0
  m_clip: Hit_Pierre
  m_clips: []
--- !u!1 &8043449975962811156
GameObject:
  m_ObjectHideFlags: 0
  m_CorrespondingSourceObject: {fileID: 0}
  m_PrefabInstance: {fileID: 0}
  m_PrefabAsset: {fileID: 0}
  serializedVersion: 6
  m_Component:
  - component: {fileID: 1172571397783307781}
  - component: {fileID: 2989964610054244696}
  - component: {fileID: 1676998287038153101}
  - component: {fileID: 5267582853613496768}
  m_Layer: 10
  m_Name: AttackHitbox
  m_TagString: Untagged
  m_Icon: {fileID: 0}
  m_NavMeshLayer: 0
  m_StaticEditorFlags: 0
  m_IsActive: 0
--- !u!4 &1172571397783307781
Transform:
  m_ObjectHideFlags: 0
  m_CorrespondingSourceObject: {fileID: 0}
  m_PrefabInstance: {fileID: 0}
  m_PrefabAsset: {fileID: 0}
  m_GameObject: {fileID: 8043449975962811156}
  m_LocalRotation: {x: -0, y: -0, z: -0, w: 1}
  m_LocalPosition: {x: 0, y: 0.672, z: 0.5}
  m_LocalScale: {x: 1, y: 1, z: 1}
  m_Children:
  - {fileID: 2249020606633356371}
  - {fileID: 8612650549673231840}
  m_Father: {fileID: 543450651598348276}
  m_RootOrder: 2
  m_LocalEulerAnglesHint: {x: 0, y: 0, z: 0}
--- !u!65 &2989964610054244696
BoxCollider:
  m_ObjectHideFlags: 0
  m_CorrespondingSourceObject: {fileID: 0}
  m_PrefabInstance: {fileID: 0}
  m_PrefabAsset: {fileID: 0}
  m_GameObject: {fileID: 8043449975962811156}
  m_Material: {fileID: 0}
  m_IsTrigger: 1
  m_Enabled: 1
  serializedVersion: 2
  m_Size: {x: 0.8, y: 0.8, z: 0.8}
  m_Center: {x: 0, y: 0, z: 0}
--- !u!114 &1676998287038153101
MonoBehaviour:
  m_ObjectHideFlags: 0
  m_CorrespondingSourceObject: {fileID: 0}
  m_PrefabInstance: {fileID: 0}
  m_PrefabAsset: {fileID: 0}
  m_GameObject: {fileID: 8043449975962811156}
  m_Enabled: 1
  m_EditorHideFlags: 0
  m_Script: {fileID: 11500000, guid: ea89fc04140563742b7978d018114d38, type: 3}
  m_Name: 
  m_EditorClassIdentifier: 
  m_damage: 1
  m_force: 10
  side: 1
--- !u!114 &5267582853613496768
MonoBehaviour:
  m_ObjectHideFlags: 0
  m_CorrespondingSourceObject: {fileID: 0}
  m_PrefabInstance: {fileID: 0}
  m_PrefabAsset: {fileID: 0}
  m_GameObject: {fileID: 8043449975962811156}
  m_Enabled: 1
  m_EditorHideFlags: 0
  m_Script: {fileID: 11500000, guid: da3f3f8cc3272af4d883d7dd1058e021, type: 3}
  m_Name: 
  m_EditorClassIdentifier: 
  m_time: 0.1
--- !u!1 &8102793011281001357
GameObject:
  m_ObjectHideFlags: 0
  m_CorrespondingSourceObject: {fileID: 0}
  m_PrefabInstance: {fileID: 0}
  m_PrefabAsset: {fileID: 0}
  serializedVersion: 6
  m_Component:
  - component: {fileID: 2158582010049007519}
  m_Layer: 10
  m_Name: Mesh
  m_TagString: Untagged
  m_Icon: {fileID: 0}
  m_NavMeshLayer: 0
  m_StaticEditorFlags: 0
  m_IsActive: 1
--- !u!4 &2158582010049007519
Transform:
  m_ObjectHideFlags: 0
  m_CorrespondingSourceObject: {fileID: 0}
  m_PrefabInstance: {fileID: 0}
  m_PrefabAsset: {fileID: 0}
  m_GameObject: {fileID: 8102793011281001357}
  m_LocalRotation: {x: -0, y: -0, z: -0, w: 1}
  m_LocalPosition: {x: 0, y: 0, z: 0}
  m_LocalScale: {x: 1, y: 1, z: 1}
  m_Children:
  - {fileID: 543450651598348276}
  m_Father: {fileID: 4649235662878458035}
  m_RootOrder: 0
  m_LocalEulerAnglesHint: {x: 0, y: 0, z: 0}
--- !u!1 &8206547541243149611
GameObject:
  m_ObjectHideFlags: 0
  m_CorrespondingSourceObject: {fileID: 0}
  m_PrefabInstance: {fileID: 0}
  m_PrefabAsset: {fileID: 0}
  serializedVersion: 6
  m_Component:
  - component: {fileID: 8612650549673231840}
  - component: {fileID: 7370959421352529677}
  m_Layer: 10
  m_Name: SlashSound
  m_TagString: Untagged
  m_Icon: {fileID: 0}
  m_NavMeshLayer: 0
  m_StaticEditorFlags: 0
  m_IsActive: 1
--- !u!4 &8612650549673231840
Transform:
  m_ObjectHideFlags: 0
  m_CorrespondingSourceObject: {fileID: 0}
  m_PrefabInstance: {fileID: 0}
  m_PrefabAsset: {fileID: 0}
  m_GameObject: {fileID: 8206547541243149611}
  m_LocalRotation: {x: -0, y: -0, z: -0, w: -1}
  m_LocalPosition: {x: 0, y: 1.5280004, z: -0.5}
  m_LocalScale: {x: 1, y: 1, z: 1}
  m_Children: []
  m_Father: {fileID: 1172571397783307781}
  m_RootOrder: 1
  m_LocalEulerAnglesHint: {x: 0, y: 0, z: 0}
--- !u!114 &7370959421352529677
MonoBehaviour:
  m_ObjectHideFlags: 0
  m_CorrespondingSourceObject: {fileID: 0}
  m_PrefabInstance: {fileID: 0}
  m_PrefabAsset: {fileID: 0}
  m_GameObject: {fileID: 8206547541243149611}
  m_Enabled: 1
  m_EditorHideFlags: 0
  m_Script: {fileID: 11500000, guid: c937116280549194ca9fb3caa2232945, type: 3}
  m_Name: 
  m_EditorClassIdentifier: 
  m_playOnStart: 1
  m_loop: 0
  m_clip: 
  m_clips:
  - SwordSlash_1
  - SwordSlash_2
  - SwordSlash_3
--- !u!1 &8222911674836019421
GameObject:
  m_ObjectHideFlags: 0
  m_CorrespondingSourceObject: {fileID: 0}
  m_PrefabInstance: {fileID: 0}
  m_PrefabAsset: {fileID: 0}
  serializedVersion: 6
  m_Component:
  - component: {fileID: 4649235662878458035}
  - component: {fileID: 9026510091560178159}
  - component: {fileID: 8879691358990282930}
  - component: {fileID: 6232267288241514013}
  - component: {fileID: 573619950565127458}
  - component: {fileID: 5042506958405619614}
  m_Layer: 10
  m_Name: Gargouille
  m_TagString: Untagged
  m_Icon: {fileID: 0}
  m_NavMeshLayer: 0
  m_StaticEditorFlags: 0
  m_IsActive: 1
--- !u!4 &4649235662878458035
Transform:
  m_ObjectHideFlags: 0
  m_CorrespondingSourceObject: {fileID: 0}
  m_PrefabInstance: {fileID: 0}
  m_PrefabAsset: {fileID: 0}
  m_GameObject: {fileID: 8222911674836019421}
  m_LocalRotation: {x: 0, y: 1, z: 0, w: 0}
  m_LocalPosition: {x: 5.7, y: 1.35, z: 14.32}
  m_LocalScale: {x: 1, y: 1, z: 1}
  m_Children:
  - {fileID: 2158582010049007519}
  - {fileID: 5710960731046493046}
  - {fileID: 7923215778829850513}
  - {fileID: 7924075547502079481}
  - {fileID: 3730243339225151236}
  - {fileID: 6958253232449333073}
  - {fileID: 2090172814163669796}
  - {fileID: 4961511063986720004}
  - {fileID: 3207657402137741580}
  m_Father: {fileID: 0}
  m_RootOrder: 0
  m_LocalEulerAnglesHint: {x: 0, y: 180, z: 0}
--- !u!136 &9026510091560178159
CapsuleCollider:
  m_ObjectHideFlags: 0
  m_CorrespondingSourceObject: {fileID: 0}
  m_PrefabInstance: {fileID: 0}
  m_PrefabAsset: {fileID: 0}
  m_GameObject: {fileID: 8222911674836019421}
  m_Material: {fileID: 0}
  m_IsTrigger: 0
  m_Enabled: 1
  m_Radius: 0.3
  m_Height: 1
  m_Direction: 1
  m_Center: {x: 0, y: 0, z: 0}
--- !u!195 &8879691358990282930
NavMeshAgent:
  m_ObjectHideFlags: 0
  m_CorrespondingSourceObject: {fileID: 0}
  m_PrefabInstance: {fileID: 0}
  m_PrefabAsset: {fileID: 0}
  m_GameObject: {fileID: 8222911674836019421}
  m_Enabled: 1
  m_AgentTypeID: 0
  m_Radius: 0.3
  m_Speed: 3.5
  m_Acceleration: 4
  avoidancePriority: 50
  m_AngularSpeed: 120
  m_StoppingDistance: 1
  m_AutoTraverseOffMeshLink: 1
  m_AutoBraking: 1
  m_AutoRepath: 1
  m_Height: 1
  m_BaseOffset: 0.5
  m_WalkableMask: 4294967295
  m_ObstacleAvoidanceType: 4
--- !u!114 &6232267288241514013
MonoBehaviour:
  m_ObjectHideFlags: 0
  m_CorrespondingSourceObject: {fileID: 0}
  m_PrefabInstance: {fileID: 0}
  m_PrefabAsset: {fileID: 0}
  m_GameObject: {fileID: 8222911674836019421}
  m_Enabled: 1
  m_EditorHideFlags: 0
  m_Script: {fileID: 11500000, guid: f27b993eca4e81349b0a6ebbda0ffe5a, type: 3}
  m_Name: 
  m_EditorClassIdentifier: 
  hp: 5
  max_hp: 5
  side: 1
  m_HasRagdoll: 0
  m_RagdollPool: {fileID: 0}
  m_RagdollForceMultiplier: 35
  m_OnDamaged:
    m_PersistentCalls:
      m_Calls:
      - m_Target: {fileID: 8337741106196374494}
        m_TargetAssemblyTypeName: UnityEngine.ParticleSystem, UnityEngine
        m_MethodName: Play
        m_Mode: 1
        m_Arguments:
          m_ObjectArgument: {fileID: 0}
          m_ObjectArgumentAssemblyTypeName: UnityEngine.Object, UnityEngine
          m_IntArgument: 0
          m_FloatArgument: 0
          m_StringArgument: 
          m_BoolArgument: 0
        m_CallState: 2
      - m_Target: {fileID: 5407674560092968051}
        m_TargetAssemblyTypeName: PlayAudioClip, Assembly-CSharp
        m_MethodName: PlayOnce
        m_Mode: 1
        m_Arguments:
          m_ObjectArgument: {fileID: 0}
          m_ObjectArgumentAssemblyTypeName: UnityEngine.Object, UnityEngine
          m_IntArgument: 0
          m_FloatArgument: 0
          m_StringArgument: 
          m_BoolArgument: 0
        m_CallState: 2
  m_OnDestroyed:
    m_PersistentCalls:
      m_Calls:
      - m_Target: {fileID: 1678384099730952034}
        m_TargetAssemblyTypeName: PlayAudioClip, Assembly-CSharp
        m_MethodName: PlayOnce
        m_Mode: 1
        m_Arguments:
          m_ObjectArgument: {fileID: 0}
          m_ObjectArgumentAssemblyTypeName: UnityEngine.Object, UnityEngine
          m_IntArgument: 0
          m_FloatArgument: 0
          m_StringArgument: 
          m_BoolArgument: 0
        m_CallState: 2
  m_Animator: {fileID: 748484552}
  m_AttackRange: 1
  m_MinAttackCD: 2
  m_MaxAttackCD: 4
  m_AttackFreezeDuration: 0.5
  m_StunDuration: 0.5
  m_BumpMultiplier: 70
  m_StoicChancePercentage: 100
  m_isFlamable: 0
  m_HitFX: {fileID: 8337741106196374494}
  m_FlameFX: {fileID: 7128780349416740234}
  m_OnFreeze:
    m_PersistentCalls:
      m_Calls:
      - m_Target: {fileID: 3412080543365414700}
        m_TargetAssemblyTypeName: UnityEngine.ParticleSystem, UnityEngine
        m_MethodName: Play
        m_Mode: 1
        m_Arguments:
          m_ObjectArgument: {fileID: 0}
          m_ObjectArgumentAssemblyTypeName: UnityEngine.Object, UnityEngine
          m_IntArgument: 0
          m_FloatArgument: 0
          m_StringArgument: 
          m_BoolArgument: 0
        m_CallState: 2
      - m_Target: {fileID: 8043449975962811156}
        m_TargetAssemblyTypeName: UnityEngine.GameObject, UnityEngine
        m_MethodName: SetActive
        m_Mode: 6
        m_Arguments:
          m_ObjectArgument: {fileID: 0}
          m_ObjectArgumentAssemblyTypeName: UnityEngine.Object, UnityEngine
          m_IntArgument: 0
          m_FloatArgument: 0
          m_StringArgument: 
          m_BoolArgument: 0
        m_CallState: 2
  m_OnUnfreeze:
    m_PersistentCalls:
      m_Calls:
      - m_Target: {fileID: 3412080543365414700}
        m_TargetAssemblyTypeName: UnityEngine.ParticleSystem, UnityEngine
        m_MethodName: Play
        m_Mode: 1
        m_Arguments:
          m_ObjectArgument: {fileID: 0}
          m_ObjectArgumentAssemblyTypeName: UnityEngine.Object, UnityEngine
          m_IntArgument: 0
          m_FloatArgument: 0
          m_StringArgument: 
          m_BoolArgument: 0
        m_CallState: 2
  m_OnDontDamage:
    m_PersistentCalls:
      m_Calls:
      - m_Target: {fileID: 6008761182173959970}
        m_TargetAssemblyTypeName: UnityEngine.ParticleSystem, UnityEngine
        m_MethodName: Play
        m_Mode: 1
        m_Arguments:
          m_ObjectArgument: {fileID: 0}
          m_ObjectArgumentAssemblyTypeName: UnityEngine.Object, UnityEngine
          m_IntArgument: 0
          m_FloatArgument: 0
          m_StringArgument: 
          m_BoolArgument: 1
        m_CallState: 2
      - m_Target: {fileID: 7999274936637014954}
        m_TargetAssemblyTypeName: PlayAudioClip, Assembly-CSharp
        m_MethodName: PlayOnce
        m_Mode: 1
        m_Arguments:
          m_ObjectArgument: {fileID: 0}
          m_ObjectArgumentAssemblyTypeName: UnityEngine.Object, UnityEngine
          m_IntArgument: 0
          m_FloatArgument: 0
          m_StringArgument: 
          m_BoolArgument: 1
        m_CallState: 2
--- !u!114 &573619950565127458
MonoBehaviour:
  m_ObjectHideFlags: 0
  m_CorrespondingSourceObject: {fileID: 0}
  m_PrefabInstance: {fileID: 0}
  m_PrefabAsset: {fileID: 0}
  m_GameObject: {fileID: 8222911674836019421}
  m_Enabled: 1
  m_EditorHideFlags: 0
  m_Script: {fileID: 11500000, guid: 67669e337416b2942b86bde2d62460b9, type: 3}
  m_Name: 
  m_EditorClassIdentifier: 
  m_Destination: {fileID: 0}
  m_agent: {fileID: 0}
  m_AggressiveSpeed: 3
  m_AggressiveAngularSpeed: 175
  m_DetectionRange: 8
  m_LosingRange: 15
  m_IdleSpeed: 0
  m_IdleAngularSpeed: 0
  m_IdleWanderRange: 0
  m_IdleMinWaitTime: 2
  m_IdleMaxWaitTime: 4
  m_FlameSpeed: 5
  m_FlameAngularSpeed: 120
  m_FlameWanderRange: 3
  m_FlameMinWaitTime: 1
  m_FlameMaxWaitTime: 3
  CanMove: 1
  IsFlamed: 0
--- !u!54 &5042506958405619614
Rigidbody:
  m_ObjectHideFlags: 0
  m_CorrespondingSourceObject: {fileID: 0}
  m_PrefabInstance: {fileID: 0}
  m_PrefabAsset: {fileID: 0}
  m_GameObject: {fileID: 8222911674836019421}
  serializedVersion: 2
  m_Mass: 10
  m_Drag: 1
  m_AngularDrag: 0.05
  m_UseGravity: 0
  m_IsKinematic: 0
  m_Interpolate: 0
  m_Constraints: 112
  m_CollisionDetection: 0
--- !u!1001 &2143565855
PrefabInstance:
  m_ObjectHideFlags: 0
  serializedVersion: 2
  m_Modification:
    m_TransformParent: {fileID: 2158582010049007519}
    m_Modifications:
    - target: {fileID: -8679921383154817045, guid: e8014f50b51ad7249a9b04cd1c392d2b, type: 3}
      propertyPath: m_LocalPosition.x
      value: 0
      objectReference: {fileID: 0}
    - target: {fileID: -8679921383154817045, guid: e8014f50b51ad7249a9b04cd1c392d2b, type: 3}
      propertyPath: m_LocalPosition.y
      value: -0.5
      objectReference: {fileID: 0}
    - target: {fileID: -8679921383154817045, guid: e8014f50b51ad7249a9b04cd1c392d2b, type: 3}
      propertyPath: m_LocalPosition.z
      value: 0
      objectReference: {fileID: 0}
    - target: {fileID: -8679921383154817045, guid: e8014f50b51ad7249a9b04cd1c392d2b, type: 3}
      propertyPath: m_LocalRotation.x
      value: 0
      objectReference: {fileID: 0}
    - target: {fileID: -8679921383154817045, guid: e8014f50b51ad7249a9b04cd1c392d2b, type: 3}
      propertyPath: m_LocalRotation.y
      value: 0
      objectReference: {fileID: 0}
    - target: {fileID: -8679921383154817045, guid: e8014f50b51ad7249a9b04cd1c392d2b, type: 3}
      propertyPath: m_LocalRotation.z
      value: 0
      objectReference: {fileID: 0}
    - target: {fileID: -8679921383154817045, guid: e8014f50b51ad7249a9b04cd1c392d2b, type: 3}
      propertyPath: m_LocalRotation.w
      value: 1
      objectReference: {fileID: 0}
    - target: {fileID: -8679921383154817045, guid: e8014f50b51ad7249a9b04cd1c392d2b, type: 3}
      propertyPath: m_RootOrder
      value: 0
      objectReference: {fileID: 0}
    - target: {fileID: -8679921383154817045, guid: e8014f50b51ad7249a9b04cd1c392d2b, type: 3}
      propertyPath: m_LocalEulerAnglesHint.x
      value: 0
      objectReference: {fileID: 0}
    - target: {fileID: -8679921383154817045, guid: e8014f50b51ad7249a9b04cd1c392d2b, type: 3}
      propertyPath: m_LocalEulerAnglesHint.y
      value: 0
      objectReference: {fileID: 0}
    - target: {fileID: -8679921383154817045, guid: e8014f50b51ad7249a9b04cd1c392d2b, type: 3}
      propertyPath: m_LocalEulerAnglesHint.z
      value: 0
      objectReference: {fileID: 0}
    - target: {fileID: 919132149155446097, guid: e8014f50b51ad7249a9b04cd1c392d2b, type: 3}
      propertyPath: m_Name
      value: Gargouille
      objectReference: {fileID: 0}
    - target: {fileID: 2592949939706797733, guid: e8014f50b51ad7249a9b04cd1c392d2b, type: 3}
      propertyPath: m_Materials.Array.data[0]
      value: 
      objectReference: {fileID: 2100000, guid: abc68c99b115bfd408ac20f009fe4b1e, type: 2}
    m_RemovedComponents: []
  m_SourcePrefab: {fileID: 100100000, guid: e8014f50b51ad7249a9b04cd1c392d2b, type: 3}
--- !u!4 &543450651598348276 stripped
Transform:
  m_CorrespondingSourceObject: {fileID: -8679921383154817045, guid: e8014f50b51ad7249a9b04cd1c392d2b, type: 3}
  m_PrefabInstance: {fileID: 2143565855}
  m_PrefabAsset: {fileID: 0}
--- !u!1 &919132147943015758 stripped
GameObject:
  m_CorrespondingSourceObject: {fileID: 919132149155446097, guid: e8014f50b51ad7249a9b04cd1c392d2b, type: 3}
  m_PrefabInstance: {fileID: 2143565855}
  m_PrefabAsset: {fileID: 0}
--- !u!1001 &126285329748747343
PrefabInstance:
  m_ObjectHideFlags: 0
  serializedVersion: 2
  m_Modification:
    m_TransformParent: {fileID: 1172571397783307781}
    m_Modifications:
    - target: {fileID: 2231119674784761884, guid: 49678b47eafa7e545b4c6c0940981d73, type: 3}
      propertyPath: m_LocalPosition.x
      value: 0
      objectReference: {fileID: 0}
    - target: {fileID: 2231119674784761884, guid: 49678b47eafa7e545b4c6c0940981d73, type: 3}
      propertyPath: m_LocalPosition.y
      value: 0.089999974
      objectReference: {fileID: 0}
    - target: {fileID: 2231119674784761884, guid: 49678b47eafa7e545b4c6c0940981d73, type: 3}
      propertyPath: m_LocalPosition.z
      value: -0.000000059604645
      objectReference: {fileID: 0}
    - target: {fileID: 2231119674784761884, guid: 49678b47eafa7e545b4c6c0940981d73, type: 3}
      propertyPath: m_LocalRotation.x
      value: -0.26917076
      objectReference: {fileID: 0}
    - target: {fileID: 2231119674784761884, guid: 49678b47eafa7e545b4c6c0940981d73, type: 3}
      propertyPath: m_LocalRotation.y
      value: -0.35735026
      objectReference: {fileID: 0}
    - target: {fileID: 2231119674784761884, guid: 49678b47eafa7e545b4c6c0940981d73, type: 3}
      propertyPath: m_LocalRotation.z
      value: -0.52907467
      objectReference: {fileID: 0}
    - target: {fileID: 2231119674784761884, guid: 49678b47eafa7e545b4c6c0940981d73, type: 3}
      propertyPath: m_LocalRotation.w
      value: 0.72106034
      objectReference: {fileID: 0}
    - target: {fileID: 2231119674784761884, guid: 49678b47eafa7e545b4c6c0940981d73, type: 3}
      propertyPath: m_RootOrder
      value: 0
      objectReference: {fileID: 0}
    - target: {fileID: 2231119674784761884, guid: 49678b47eafa7e545b4c6c0940981d73, type: 3}
      propertyPath: m_LocalEulerAnglesHint.x
      value: -50.023
      objectReference: {fileID: 0}
    - target: {fileID: 2231119674784761884, guid: 49678b47eafa7e545b4c6c0940981d73, type: 3}
      propertyPath: m_LocalEulerAnglesHint.y
      value: -21.026
      objectReference: {fileID: 0}
    - target: {fileID: 2231119674784761884, guid: 49678b47eafa7e545b4c6c0940981d73, type: 3}
      propertyPath: m_LocalEulerAnglesHint.z
      value: -62.641
      objectReference: {fileID: 0}
    - target: {fileID: 2461883154355619068, guid: 49678b47eafa7e545b4c6c0940981d73, type: 3}
      propertyPath: playOnAwake
      value: 1
      objectReference: {fileID: 0}
    - target: {fileID: 3549780174569490332, guid: 49678b47eafa7e545b4c6c0940981d73, type: 3}
      propertyPath: playOnAwake
      value: 1
      objectReference: {fileID: 0}
    - target: {fileID: 4243978317203271603, guid: 49678b47eafa7e545b4c6c0940981d73, type: 3}
      propertyPath: playOnAwake
      value: 1
      objectReference: {fileID: 0}
    - target: {fileID: 6134580187646407339, guid: 49678b47eafa7e545b4c6c0940981d73, type: 3}
      propertyPath: playOnAwake
      value: 1
      objectReference: {fileID: 0}
    - target: {fileID: 8582869614136686593, guid: 49678b47eafa7e545b4c6c0940981d73, type: 3}
      propertyPath: m_Name
      value: 'SwordSlash_Gargouille_VFX '
      objectReference: {fileID: 0}
    m_RemovedComponents: []
  m_SourcePrefab: {fileID: 100100000, guid: 49678b47eafa7e545b4c6c0940981d73, type: 3}
--- !u!4 &2249020606633356371 stripped
Transform:
  m_CorrespondingSourceObject: {fileID: 2231119674784761884, guid: 49678b47eafa7e545b4c6c0940981d73, type: 3}
  m_PrefabInstance: {fileID: 126285329748747343}
  m_PrefabAsset: {fileID: 0}
--- !u!1001 &963529459297469068
PrefabInstance:
  m_ObjectHideFlags: 0
  serializedVersion: 2
  m_Modification:
    m_TransformParent: {fileID: 4649235662878458035}
    m_Modifications:
    - target: {fileID: 4837827263520899060, guid: 94b7acf287a2a2e46a14d1f454a2f4cc, type: 3}
      propertyPath: playOnAwake
      value: 0
      objectReference: {fileID: 0}
    - target: {fileID: 5256508802106645496, guid: 94b7acf287a2a2e46a14d1f454a2f4cc, type: 3}
      propertyPath: playOnAwake
      value: 0
      objectReference: {fileID: 0}
    - target: {fileID: 5993489393972662680, guid: 94b7acf287a2a2e46a14d1f454a2f4cc, type: 3}
      propertyPath: playOnAwake
      value: 0
      objectReference: {fileID: 0}
    - target: {fileID: 6355075509286257742, guid: 94b7acf287a2a2e46a14d1f454a2f4cc, type: 3}
      propertyPath: playOnAwake
      value: 0
      objectReference: {fileID: 0}
    - target: {fileID: 6965887978503705885, guid: 94b7acf287a2a2e46a14d1f454a2f4cc, type: 3}
      propertyPath: m_LocalPosition.x
      value: 0
      objectReference: {fileID: 0}
    - target: {fileID: 6965887978503705885, guid: 94b7acf287a2a2e46a14d1f454a2f4cc, type: 3}
      propertyPath: m_LocalPosition.y
      value: 0.389
      objectReference: {fileID: 0}
    - target: {fileID: 6965887978503705885, guid: 94b7acf287a2a2e46a14d1f454a2f4cc, type: 3}
      propertyPath: m_LocalPosition.z
      value: 0
      objectReference: {fileID: 0}
    - target: {fileID: 6965887978503705885, guid: 94b7acf287a2a2e46a14d1f454a2f4cc, type: 3}
      propertyPath: m_LocalRotation.x
      value: 0
      objectReference: {fileID: 0}
    - target: {fileID: 6965887978503705885, guid: 94b7acf287a2a2e46a14d1f454a2f4cc, type: 3}
      propertyPath: m_LocalRotation.y
      value: 0
      objectReference: {fileID: 0}
    - target: {fileID: 6965887978503705885, guid: 94b7acf287a2a2e46a14d1f454a2f4cc, type: 3}
      propertyPath: m_LocalRotation.z
      value: 0
      objectReference: {fileID: 0}
    - target: {fileID: 6965887978503705885, guid: 94b7acf287a2a2e46a14d1f454a2f4cc, type: 3}
      propertyPath: m_LocalRotation.w
      value: 1
      objectReference: {fileID: 0}
    - target: {fileID: 6965887978503705885, guid: 94b7acf287a2a2e46a14d1f454a2f4cc, type: 3}
      propertyPath: m_RootOrder
      value: 2
      objectReference: {fileID: 0}
    - target: {fileID: 6965887978503705885, guid: 94b7acf287a2a2e46a14d1f454a2f4cc, type: 3}
      propertyPath: m_LocalEulerAnglesHint.x
      value: 0
      objectReference: {fileID: 0}
    - target: {fileID: 6965887978503705885, guid: 94b7acf287a2a2e46a14d1f454a2f4cc, type: 3}
      propertyPath: m_LocalEulerAnglesHint.y
      value: 0
      objectReference: {fileID: 0}
    - target: {fileID: 6965887978503705885, guid: 94b7acf287a2a2e46a14d1f454a2f4cc, type: 3}
      propertyPath: m_LocalEulerAnglesHint.z
      value: 0
      objectReference: {fileID: 0}
    - target: {fileID: 8285068973910693210, guid: 94b7acf287a2a2e46a14d1f454a2f4cc, type: 3}
      propertyPath: playOnAwake
      value: 0
      objectReference: {fileID: 0}
    - target: {fileID: 9062333349713390191, guid: 94b7acf287a2a2e46a14d1f454a2f4cc, type: 3}
      propertyPath: m_Name
      value: Enemy_Hit
      objectReference: {fileID: 0}
    - target: {fileID: 9062333349713390191, guid: 94b7acf287a2a2e46a14d1f454a2f4cc, type: 3}
      propertyPath: m_IsActive
      value: 1
      objectReference: {fileID: 0}
    - target: {fileID: 9145332740127531346, guid: 94b7acf287a2a2e46a14d1f454a2f4cc, type: 3}
      propertyPath: playOnAwake
      value: 0
      objectReference: {fileID: 0}
    - target: {fileID: 9145332740127531346, guid: 94b7acf287a2a2e46a14d1f454a2f4cc, type: 3}
      propertyPath: stopAction
      value: 1
      objectReference: {fileID: 0}
    m_RemovedComponents: []
  m_SourcePrefab: {fileID: 100100000, guid: 94b7acf287a2a2e46a14d1f454a2f4cc, type: 3}
--- !u!4 &7923215778829850513 stripped
Transform:
  m_CorrespondingSourceObject: {fileID: 6965887978503705885, guid: 94b7acf287a2a2e46a14d1f454a2f4cc, type: 3}
  m_PrefabInstance: {fileID: 963529459297469068}
  m_PrefabAsset: {fileID: 0}
--- !u!198 &8337741106196374494 stripped
ParticleSystem:
  m_CorrespondingSourceObject: {fileID: 9145332740127531346, guid: 94b7acf287a2a2e46a14d1f454a2f4cc, type: 3}
  m_PrefabInstance: {fileID: 963529459297469068}
  m_PrefabAsset: {fileID: 0}
--- !u!1001 &2204727116355704192
PrefabInstance:
  m_ObjectHideFlags: 0
  serializedVersion: 2
  m_Modification:
    m_TransformParent: {fileID: 7923215778829850513}
    m_Modifications:
    - target: {fileID: 1427532761183008565, guid: a0e229a146604b54f8ed308b19d3db90, type: 3}
      propertyPath: m_Name
      value: RockBreak_VFX
      objectReference: {fileID: 0}
    - target: {fileID: 2683369630343073123, guid: a0e229a146604b54f8ed308b19d3db90, type: 3}
      propertyPath: playOnAwake
      value: 0
      objectReference: {fileID: 0}
    - target: {fileID: 7958035547074755154, guid: a0e229a146604b54f8ed308b19d3db90, type: 3}
      propertyPath: playOnAwake
      value: 0
      objectReference: {fileID: 0}
    - target: {fileID: 8537324030939273500, guid: a0e229a146604b54f8ed308b19d3db90, type: 3}
      propertyPath: playOnAwake
      value: 0
      objectReference: {fileID: 0}
    - target: {fileID: 8537324030939273500, guid: a0e229a146604b54f8ed308b19d3db90, type: 3}
      propertyPath: CollisionModule.collidesWith.m_Bits
      value: 311
      objectReference: {fileID: 0}
    - target: {fileID: 8924641750290647281, guid: a0e229a146604b54f8ed308b19d3db90, type: 3}
      propertyPath: m_LocalPosition.x
      value: 0
      objectReference: {fileID: 0}
    - target: {fileID: 8924641750290647281, guid: a0e229a146604b54f8ed308b19d3db90, type: 3}
      propertyPath: m_LocalPosition.y
      value: -0.055
      objectReference: {fileID: 0}
    - target: {fileID: 8924641750290647281, guid: a0e229a146604b54f8ed308b19d3db90, type: 3}
      propertyPath: m_LocalPosition.z
      value: 0
      objectReference: {fileID: 0}
    - target: {fileID: 8924641750290647281, guid: a0e229a146604b54f8ed308b19d3db90, type: 3}
      propertyPath: m_LocalRotation.x
      value: -0
      objectReference: {fileID: 0}
    - target: {fileID: 8924641750290647281, guid: a0e229a146604b54f8ed308b19d3db90, type: 3}
      propertyPath: m_LocalRotation.y
      value: -0
      objectReference: {fileID: 0}
    - target: {fileID: 8924641750290647281, guid: a0e229a146604b54f8ed308b19d3db90, type: 3}
      propertyPath: m_LocalRotation.z
      value: -0
      objectReference: {fileID: 0}
    - target: {fileID: 8924641750290647281, guid: a0e229a146604b54f8ed308b19d3db90, type: 3}
      propertyPath: m_LocalRotation.w
      value: 1
      objectReference: {fileID: 0}
    - target: {fileID: 8924641750290647281, guid: a0e229a146604b54f8ed308b19d3db90, type: 3}
      propertyPath: m_RootOrder
      value: 5
      objectReference: {fileID: 0}
    - target: {fileID: 8924641750290647281, guid: a0e229a146604b54f8ed308b19d3db90, type: 3}
      propertyPath: m_LocalEulerAnglesHint.x
      value: 0
      objectReference: {fileID: 0}
    - target: {fileID: 8924641750290647281, guid: a0e229a146604b54f8ed308b19d3db90, type: 3}
      propertyPath: m_LocalEulerAnglesHint.y
      value: 0
      objectReference: {fileID: 0}
    - target: {fileID: 8924641750290647281, guid: a0e229a146604b54f8ed308b19d3db90, type: 3}
      propertyPath: m_LocalEulerAnglesHint.z
      value: 0
      objectReference: {fileID: 0}
    m_RemovedComponents: []
  m_SourcePrefab: {fileID: 100100000, guid: a0e229a146604b54f8ed308b19d3db90, type: 3}
--- !u!1001 &3761012165033949613
PrefabInstance:
  m_ObjectHideFlags: 0
  serializedVersion: 2
  m_Modification:
    m_TransformParent: {fileID: 4649235662878458035}
    m_Modifications:
    - target: {fileID: 1017928842961193038, guid: 310c2fb472b7f754db4218068d21d816, type: 3}
      propertyPath: playOnAwake
      value: 1
      objectReference: {fileID: 0}
    - target: {fileID: 1532150149847826124, guid: 310c2fb472b7f754db4218068d21d816, type: 3}
      propertyPath: playOnAwake
      value: 1
      objectReference: {fileID: 0}
    - target: {fileID: 3713992561946213033, guid: 310c2fb472b7f754db4218068d21d816, type: 3}
      propertyPath: playOnAwake
      value: 1
      objectReference: {fileID: 0}
    - target: {fileID: 3763499603359902621, guid: 310c2fb472b7f754db4218068d21d816, type: 3}
      propertyPath: playOnAwake
      value: 1
      objectReference: {fileID: 0}
    - target: {fileID: 6259809238189632551, guid: 310c2fb472b7f754db4218068d21d816, type: 3}
      propertyPath: m_Name
      value: Fire_VFX
      objectReference: {fileID: 0}
    - target: {fileID: 6259809238189632551, guid: 310c2fb472b7f754db4218068d21d816, type: 3}
      propertyPath: m_IsActive
      value: 0
      objectReference: {fileID: 0}
    - target: {fileID: 6475333790969255326, guid: 310c2fb472b7f754db4218068d21d816, type: 3}
      propertyPath: playOnAwake
      value: 1
      objectReference: {fileID: 0}
    - target: {fileID: 7153795456695871924, guid: 310c2fb472b7f754db4218068d21d816, type: 3}
      propertyPath: playOnAwake
      value: 1
      objectReference: {fileID: 0}
    - target: {fileID: 7275285292641237120, guid: 310c2fb472b7f754db4218068d21d816, type: 3}
      propertyPath: playOnAwake
      value: 1
      objectReference: {fileID: 0}
    - target: {fileID: 8894789746249581275, guid: 310c2fb472b7f754db4218068d21d816, type: 3}
      propertyPath: m_LocalPosition.x
      value: 0
      objectReference: {fileID: 0}
    - target: {fileID: 8894789746249581275, guid: 310c2fb472b7f754db4218068d21d816, type: 3}
      propertyPath: m_LocalPosition.y
      value: 0.5
      objectReference: {fileID: 0}
    - target: {fileID: 8894789746249581275, guid: 310c2fb472b7f754db4218068d21d816, type: 3}
      propertyPath: m_LocalPosition.z
      value: 0
      objectReference: {fileID: 0}
    - target: {fileID: 8894789746249581275, guid: 310c2fb472b7f754db4218068d21d816, type: 3}
      propertyPath: m_LocalRotation.x
      value: -0.7071068
      objectReference: {fileID: 0}
    - target: {fileID: 8894789746249581275, guid: 310c2fb472b7f754db4218068d21d816, type: 3}
      propertyPath: m_LocalRotation.y
      value: 0
      objectReference: {fileID: 0}
    - target: {fileID: 8894789746249581275, guid: 310c2fb472b7f754db4218068d21d816, type: 3}
      propertyPath: m_LocalRotation.z
      value: 0
      objectReference: {fileID: 0}
    - target: {fileID: 8894789746249581275, guid: 310c2fb472b7f754db4218068d21d816, type: 3}
      propertyPath: m_LocalRotation.w
      value: 0.7071068
      objectReference: {fileID: 0}
    - target: {fileID: 8894789746249581275, guid: 310c2fb472b7f754db4218068d21d816, type: 3}
      propertyPath: m_RootOrder
      value: 1
      objectReference: {fileID: 0}
    - target: {fileID: 8894789746249581275, guid: 310c2fb472b7f754db4218068d21d816, type: 3}
      propertyPath: m_LocalEulerAnglesHint.x
      value: -90
      objectReference: {fileID: 0}
    - target: {fileID: 8894789746249581275, guid: 310c2fb472b7f754db4218068d21d816, type: 3}
      propertyPath: m_LocalEulerAnglesHint.y
      value: 0
      objectReference: {fileID: 0}
    - target: {fileID: 8894789746249581275, guid: 310c2fb472b7f754db4218068d21d816, type: 3}
      propertyPath: m_LocalEulerAnglesHint.z
      value: 0
      objectReference: {fileID: 0}
    m_RemovedComponents: []
  m_SourcePrefab: {fileID: 100100000, guid: 310c2fb472b7f754db4218068d21d816, type: 3}
--- !u!4 &5710960731046493046 stripped
Transform:
  m_CorrespondingSourceObject: {fileID: 8894789746249581275, guid: 310c2fb472b7f754db4218068d21d816, type: 3}
  m_PrefabInstance: {fileID: 3761012165033949613}
  m_PrefabAsset: {fileID: 0}
--- !u!1 &7128780349416740234 stripped
GameObject:
  m_CorrespondingSourceObject: {fileID: 6259809238189632551, guid: 310c2fb472b7f754db4218068d21d816, type: 3}
  m_PrefabInstance: {fileID: 3761012165033949613}
  m_PrefabAsset: {fileID: 0}
--- !u!1001 &6113540108708737727
PrefabInstance:
  m_ObjectHideFlags: 0
  serializedVersion: 2
  m_Modification:
    m_TransformParent: {fileID: 4649235662878458035}
    m_Modifications:
    - target: {fileID: 7427514248263615931, guid: bc32155a448fd0845b0fd2dca3fb3ee8, type: 3}
      propertyPath: m_LocalPosition.x
      value: 0
      objectReference: {fileID: 0}
    - target: {fileID: 7427514248263615931, guid: bc32155a448fd0845b0fd2dca3fb3ee8, type: 3}
      propertyPath: m_LocalPosition.y
      value: 0
      objectReference: {fileID: 0}
    - target: {fileID: 7427514248263615931, guid: bc32155a448fd0845b0fd2dca3fb3ee8, type: 3}
      propertyPath: m_LocalPosition.z
      value: 0
      objectReference: {fileID: 0}
    - target: {fileID: 7427514248263615931, guid: bc32155a448fd0845b0fd2dca3fb3ee8, type: 3}
      propertyPath: m_LocalRotation.x
      value: 0
      objectReference: {fileID: 0}
    - target: {fileID: 7427514248263615931, guid: bc32155a448fd0845b0fd2dca3fb3ee8, type: 3}
      propertyPath: m_LocalRotation.y
      value: 0
      objectReference: {fileID: 0}
    - target: {fileID: 7427514248263615931, guid: bc32155a448fd0845b0fd2dca3fb3ee8, type: 3}
      propertyPath: m_LocalRotation.z
      value: 0
      objectReference: {fileID: 0}
    - target: {fileID: 7427514248263615931, guid: bc32155a448fd0845b0fd2dca3fb3ee8, type: 3}
      propertyPath: m_LocalRotation.w
      value: 1
      objectReference: {fileID: 0}
    - target: {fileID: 7427514248263615931, guid: bc32155a448fd0845b0fd2dca3fb3ee8, type: 3}
      propertyPath: m_RootOrder
      value: 4
      objectReference: {fileID: 0}
    - target: {fileID: 7427514248263615931, guid: bc32155a448fd0845b0fd2dca3fb3ee8, type: 3}
      propertyPath: m_LocalEulerAnglesHint.x
      value: 0
      objectReference: {fileID: 0}
    - target: {fileID: 7427514248263615931, guid: bc32155a448fd0845b0fd2dca3fb3ee8, type: 3}
      propertyPath: m_LocalEulerAnglesHint.y
      value: 0
      objectReference: {fileID: 0}
    - target: {fileID: 7427514248263615931, guid: bc32155a448fd0845b0fd2dca3fb3ee8, type: 3}
      propertyPath: m_LocalEulerAnglesHint.z
      value: 0
      objectReference: {fileID: 0}
    - target: {fileID: 8161700974869991489, guid: bc32155a448fd0845b0fd2dca3fb3ee8, type: 3}
      propertyPath: m_Name
      value: Gargouille_Freeze_VFX
      objectReference: {fileID: 0}
    - target: {fileID: 8902927600486108563, guid: bc32155a448fd0845b0fd2dca3fb3ee8, type: 3}
      propertyPath: playOnAwake
      value: 0
      objectReference: {fileID: 0}
    - target: {fileID: 8902927600486108563, guid: bc32155a448fd0845b0fd2dca3fb3ee8, type: 3}
      propertyPath: moveWithTransform
      value: 1
      objectReference: {fileID: 0}
    - target: {fileID: 8902927600486108563, guid: bc32155a448fd0845b0fd2dca3fb3ee8, type: 3}
      propertyPath: CollisionModule.collidesWith.m_Bits
      value: 311
      objectReference: {fileID: 0}
    m_RemovedComponents: []
  m_SourcePrefab: {fileID: 100100000, guid: bc32155a448fd0845b0fd2dca3fb3ee8, type: 3}
--- !u!4 &3730243339225151236 stripped
Transform:
  m_CorrespondingSourceObject: {fileID: 7427514248263615931, guid: bc32155a448fd0845b0fd2dca3fb3ee8, type: 3}
  m_PrefabInstance: {fileID: 6113540108708737727}
  m_PrefabAsset: {fileID: 0}
--- !u!198 &3412080543365414700 stripped
ParticleSystem:
  m_CorrespondingSourceObject: {fileID: 8902927600486108563, guid: bc32155a448fd0845b0fd2dca3fb3ee8, type: 3}
  m_PrefabInstance: {fileID: 6113540108708737727}
  m_PrefabAsset: {fileID: 0}
--- !u!1001 &6299042723067508963
PrefabInstance:
  m_ObjectHideFlags: 0
  serializedVersion: 2
  m_Modification:
    m_TransformParent: {fileID: 4649235662878458035}
    m_Modifications:
    - target: {fileID: 291002854964998081, guid: 5ac67f90ece6d0b4681f17da64e84409, type: 3}
      propertyPath: stopAction
      value: 0
      objectReference: {fileID: 0}
    - target: {fileID: 291002854964998081, guid: 5ac67f90ece6d0b4681f17da64e84409, type: 3}
      propertyPath: playOnAwake
      value: 0
      objectReference: {fileID: 0}
    - target: {fileID: 486724849594541427, guid: 5ac67f90ece6d0b4681f17da64e84409, type: 3}
      propertyPath: m_Name
      value: Nope_VFX
      objectReference: {fileID: 0}
    - target: {fileID: 486724849594541427, guid: 5ac67f90ece6d0b4681f17da64e84409, type: 3}
      propertyPath: m_IsActive
      value: 1
      objectReference: {fileID: 0}
    - target: {fileID: 2048609148690581681, guid: 5ac67f90ece6d0b4681f17da64e84409, type: 3}
      propertyPath: playOnAwake
      value: 0
      objectReference: {fileID: 0}
    - target: {fileID: 4223612571402032410, guid: 5ac67f90ece6d0b4681f17da64e84409, type: 3}
      propertyPath: m_LocalPosition.x
      value: 0
      objectReference: {fileID: 0}
    - target: {fileID: 4223612571402032410, guid: 5ac67f90ece6d0b4681f17da64e84409, type: 3}
      propertyPath: m_LocalPosition.y
      value: 0.4
      objectReference: {fileID: 0}
    - target: {fileID: 4223612571402032410, guid: 5ac67f90ece6d0b4681f17da64e84409, type: 3}
      propertyPath: m_LocalPosition.z
      value: 0
      objectReference: {fileID: 0}
    - target: {fileID: 4223612571402032410, guid: 5ac67f90ece6d0b4681f17da64e84409, type: 3}
      propertyPath: m_LocalRotation.x
      value: 0
      objectReference: {fileID: 0}
    - target: {fileID: 4223612571402032410, guid: 5ac67f90ece6d0b4681f17da64e84409, type: 3}
      propertyPath: m_LocalRotation.y
      value: 0
      objectReference: {fileID: 0}
    - target: {fileID: 4223612571402032410, guid: 5ac67f90ece6d0b4681f17da64e84409, type: 3}
      propertyPath: m_LocalRotation.z
      value: 0
      objectReference: {fileID: 0}
    - target: {fileID: 4223612571402032410, guid: 5ac67f90ece6d0b4681f17da64e84409, type: 3}
      propertyPath: m_LocalRotation.w
      value: 1
      objectReference: {fileID: 0}
    - target: {fileID: 4223612571402032410, guid: 5ac67f90ece6d0b4681f17da64e84409, type: 3}
      propertyPath: m_RootOrder
      value: 3
      objectReference: {fileID: 0}
    - target: {fileID: 4223612571402032410, guid: 5ac67f90ece6d0b4681f17da64e84409, type: 3}
      propertyPath: m_LocalEulerAnglesHint.x
      value: 0
      objectReference: {fileID: 0}
    - target: {fileID: 4223612571402032410, guid: 5ac67f90ece6d0b4681f17da64e84409, type: 3}
      propertyPath: m_LocalEulerAnglesHint.y
      value: 0
      objectReference: {fileID: 0}
    - target: {fileID: 4223612571402032410, guid: 5ac67f90ece6d0b4681f17da64e84409, type: 3}
      propertyPath: m_LocalEulerAnglesHint.z
      value: 0
      objectReference: {fileID: 0}
    - target: {fileID: 5763790435004504509, guid: 5ac67f90ece6d0b4681f17da64e84409, type: 3}
      propertyPath: playOnAwake
      value: 0
      objectReference: {fileID: 0}
    m_RemovedComponents: []
  m_SourcePrefab: {fileID: 100100000, guid: 5ac67f90ece6d0b4681f17da64e84409, type: 3}
--- !u!4 &7924075547502079481 stripped
Transform:
  m_CorrespondingSourceObject: {fileID: 4223612571402032410, guid: 5ac67f90ece6d0b4681f17da64e84409, type: 3}
  m_PrefabInstance: {fileID: 6299042723067508963}
  m_PrefabAsset: {fileID: 0}
--- !u!198 &6008761182173959970 stripped
ParticleSystem:
  m_CorrespondingSourceObject: {fileID: 291002854964998081, guid: 5ac67f90ece6d0b4681f17da64e84409, type: 3}
  m_PrefabInstance: {fileID: 6299042723067508963}
  m_PrefabAsset: {fileID: 0}
