%YAML 1.1
%TAG !u! tag:unity3d.com,2011:
--- !u!95 &1968479397
Animator:
  serializedVersion: 3
  m_ObjectHideFlags: 0
  m_CorrespondingSourceObject: {fileID: 0}
  m_PrefabInstance: {fileID: 0}
  m_PrefabAsset: {fileID: 0}
  m_GameObject: {fileID: 919132148041945403}
  m_Enabled: 1
  m_Avatar: {fileID: 0}
  m_Controller: {fileID: 9100000, guid: 25d7f236326d45b4c99a0c9752f15e20, type: 2}
  m_CullingMode: 0
  m_UpdateMode: 0
  m_ApplyRootMotion: 0
  m_LinearVelocityBlending: 0
  m_WarningMessage: 
  m_HasTransformHierarchy: 1
  m_AllowConstantClipSamplingOptimization: 1
  m_KeepAnimatorControllerStateOnDisable: 0
--- !u!1 &1844668389557642688
GameObject:
  m_ObjectHideFlags: 0
  m_CorrespondingSourceObject: {fileID: 0}
  m_PrefabInstance: {fileID: 0}
  m_PrefabAsset: {fileID: 0}
  serializedVersion: 6
  m_Component:
  - component: {fileID: 5710191636179311966}
  - component: {fileID: 6643496444992887090}
  m_Layer: 10
  m_Name: SlashSound
  m_TagString: Untagged
  m_Icon: {fileID: 0}
  m_NavMeshLayer: 0
  m_StaticEditorFlags: 0
  m_IsActive: 1
--- !u!4 &5710191636179311966
Transform:
  m_ObjectHideFlags: 0
  m_CorrespondingSourceObject: {fileID: 0}
  m_PrefabInstance: {fileID: 0}
  m_PrefabAsset: {fileID: 0}
  m_GameObject: {fileID: 1844668389557642688}
  m_LocalRotation: {x: -0, y: 1, z: -0, w: 0}
  m_LocalPosition: {x: 5.7, y: 0.85, z: 13.82}
  m_LocalScale: {x: 1, y: 1, z: 1}
  m_Children: []
  m_Father: {fileID: 854312741885106611}
  m_RootOrder: 1
  m_LocalEulerAnglesHint: {x: 0, y: 0, z: 0}
--- !u!114 &6643496444992887090
MonoBehaviour:
  m_ObjectHideFlags: 0
  m_CorrespondingSourceObject: {fileID: 0}
  m_PrefabInstance: {fileID: 0}
  m_PrefabAsset: {fileID: 0}
  m_GameObject: {fileID: 1844668389557642688}
  m_Enabled: 1
  m_EditorHideFlags: 0
  m_Script: {fileID: 11500000, guid: c937116280549194ca9fb3caa2232945, type: 3}
  m_Name: 
  m_EditorClassIdentifier: 
  m_playOnStart: 1
  m_loop: 0
  m_clip: 
  m_clips:
  - SwordSlash_1
  - SwordSlash_2
  - SwordSlash_3
--- !u!1 &4607212113708024712
GameObject:
  m_ObjectHideFlags: 0
  m_CorrespondingSourceObject: {fileID: 0}
  m_PrefabInstance: {fileID: 0}
  m_PrefabAsset: {fileID: 0}
  serializedVersion: 6
  m_Component:
  - component: {fileID: 5608969361197480364}
  - component: {fileID: 1726486803312536111}
  m_Layer: 10
  m_Name: HitSound
  m_TagString: Untagged
  m_Icon: {fileID: 0}
  m_NavMeshLayer: 0
  m_StaticEditorFlags: 0
  m_IsActive: 1
--- !u!4 &5608969361197480364
Transform:
  m_ObjectHideFlags: 0
  m_CorrespondingSourceObject: {fileID: 0}
  m_PrefabInstance: {fileID: 0}
  m_PrefabAsset: {fileID: 0}
  m_GameObject: {fileID: 4607212113708024712}
  m_LocalRotation: {x: 0, y: 0, z: 0, w: 1}
  m_LocalPosition: {x: 0, y: 0, z: 0}
  m_LocalScale: {x: 1, y: 1, z: 1}
  m_Children: []
  m_Father: {fileID: 6564991116414574341}
  m_RootOrder: 4
  m_LocalEulerAnglesHint: {x: 0, y: 0, z: 0}
--- !u!114 &1726486803312536111
MonoBehaviour:
  m_ObjectHideFlags: 0
  m_CorrespondingSourceObject: {fileID: 0}
  m_PrefabInstance: {fileID: 0}
  m_PrefabAsset: {fileID: 0}
  m_GameObject: {fileID: 4607212113708024712}
  m_Enabled: 1
  m_EditorHideFlags: 0
  m_Script: {fileID: 11500000, guid: c937116280549194ca9fb3caa2232945, type: 3}
  m_Name: 
  m_EditorClassIdentifier: 
  m_playOnStart: 0
  m_loop: 0
  m_clip: Zombie_Vampire_Hit
  m_clips: []
--- !u!1 &7603000899531569003
GameObject:
  m_ObjectHideFlags: 0
  m_CorrespondingSourceObject: {fileID: 0}
  m_PrefabInstance: {fileID: 0}
  m_PrefabAsset: {fileID: 0}
  serializedVersion: 6
  m_Component:
  - component: {fileID: 6564991116414574341}
  - component: {fileID: 7411364274009984601}
  - component: {fileID: 6964235930915188484}
  - component: {fileID: 7603000899531569000}
  - component: {fileID: 2047739108185107092}
  - component: {fileID: 4659110876294776029}
  m_Layer: 10
  m_Name: Zombie
  m_TagString: Untagged
  m_Icon: {fileID: 0}
  m_NavMeshLayer: 0
  m_StaticEditorFlags: 0
  m_IsActive: 1
--- !u!4 &6564991116414574341
Transform:
  m_ObjectHideFlags: 0
  m_CorrespondingSourceObject: {fileID: 0}
  m_PrefabInstance: {fileID: 0}
  m_PrefabAsset: {fileID: 0}
  m_GameObject: {fileID: 7603000899531569003}
  m_LocalRotation: {x: 0, y: 1, z: 0, w: 0}
  m_LocalPosition: {x: 5.7, y: 1.35, z: 14.32}
  m_LocalScale: {x: 1, y: 1, z: 1}
  m_Children:
  - {fileID: 462249489077080105}
  - {fileID: 3126999073996029860}
  - {fileID: 2816605994171777905}
  - {fileID: 2049318431024490208}
  - {fileID: 5608969361197480364}
  m_Father: {fileID: 0}
  m_RootOrder: 0
  m_LocalEulerAnglesHint: {x: 0, y: 180, z: 0}
--- !u!136 &7411364274009984601
CapsuleCollider:
  m_ObjectHideFlags: 0
  m_CorrespondingSourceObject: {fileID: 0}
  m_PrefabInstance: {fileID: 0}
  m_PrefabAsset: {fileID: 0}
  m_GameObject: {fileID: 7603000899531569003}
  m_Material: {fileID: 0}
  m_IsTrigger: 0
  m_Enabled: 1
  m_Radius: 0.3
  m_Height: 1
  m_Direction: 1
  m_Center: {x: 0, y: 0, z: 0}
--- !u!195 &6964235930915188484
NavMeshAgent:
  m_ObjectHideFlags: 0
  m_CorrespondingSourceObject: {fileID: 0}
  m_PrefabInstance: {fileID: 0}
  m_PrefabAsset: {fileID: 0}
  m_GameObject: {fileID: 7603000899531569003}
  m_Enabled: 1
  m_AgentTypeID: 0
  m_Radius: 0.25
  m_Speed: 3.5
  m_Acceleration: 3
  avoidancePriority: 50
  m_AngularSpeed: 120
  m_StoppingDistance: 1
  m_AutoTraverseOffMeshLink: 1
  m_AutoBraking: 1
  m_AutoRepath: 1
  m_Height: 1
  m_BaseOffset: 0.5
  m_WalkableMask: 4294967295
  m_ObstacleAvoidanceType: 4
--- !u!114 &7603000899531569000
MonoBehaviour:
  m_ObjectHideFlags: 0
  m_CorrespondingSourceObject: {fileID: 0}
  m_PrefabInstance: {fileID: 0}
  m_PrefabAsset: {fileID: 0}
  m_GameObject: {fileID: 7603000899531569003}
  m_Enabled: 1
  m_EditorHideFlags: 0
  m_Script: {fileID: 11500000, guid: 3bb4a7d2ce7e0bc4ab888f9b03988f48, type: 3}
  m_Name: 
  m_EditorClassIdentifier: 
  hp: 3
  max_hp: 3
  side: 1
  m_HasRagdoll: 1
  m_RagdollPool: {fileID: 0}
  m_RagdollForceMultiplier: 35
  m_OnDamaged:
    m_PersistentCalls:
      m_Calls: []
  m_OnDestroyed:
    m_PersistentCalls:
      m_Calls: []
  m_Animator: {fileID: 1968479397}
  m_AttackRange: 1
  m_MinAttackCD: 3
  m_MaxAttackCD: 5
  m_AttackFreezeDuration: 0.5
  m_StunDuration: 1
  m_BumpMultiplier: 115
  m_StoicChancePercentage: 5
  m_isFlamable: 1
  m_HitFX: {fileID: 3829225779459230699}
  m_FlameFX: {fileID: 772775569885916557}
  m_OnDamagedIgnoreFire:
    m_PersistentCalls:
      m_Calls:
      - m_Target: {fileID: 1726486803312536111}
        m_TargetAssemblyTypeName: PlayAudioClip, Assembly-CSharp
        m_MethodName: PlayOnce
        m_Mode: 1
        m_Arguments:
          m_ObjectArgument: {fileID: 0}
          m_ObjectArgumentAssemblyTypeName: UnityEngine.Object, UnityEngine
          m_IntArgument: 0
          m_FloatArgument: 0
          m_StringArgument: 
          m_BoolArgument: 0
        m_CallState: 2
--- !u!114 &2047739108185107092
MonoBehaviour:
  m_ObjectHideFlags: 0
  m_CorrespondingSourceObject: {fileID: 0}
  m_PrefabInstance: {fileID: 0}
  m_PrefabAsset: {fileID: 0}
  m_GameObject: {fileID: 7603000899531569003}
  m_Enabled: 1
  m_EditorHideFlags: 0
  m_Script: {fileID: 11500000, guid: 67669e337416b2942b86bde2d62460b9, type: 3}
  m_Name: 
  m_EditorClassIdentifier: 
  m_Destination: {fileID: 0}
  m_agent: {fileID: 0}
  m_AggressiveSpeed: 2
  m_AggressiveAngularSpeed: 150
  m_DetectionRange: 4
  m_LosingRange: 10
  m_IdleSpeed: 1
  m_IdleAngularSpeed: 120
  m_IdleWanderRange: 1
  m_IdleMinWaitTime: 2
  m_IdleMaxWaitTime: 4
  m_FlameSpeed: 2
  m_FlameAngularSpeed: 200
  m_FlameWanderRange: 3
  m_FlameMinWaitTime: 0.5
  m_FlameMaxWaitTime: 1
  CanMove: 1
  IsFlamed: 0
--- !u!54 &4659110876294776029
Rigidbody:
  m_ObjectHideFlags: 0
  m_CorrespondingSourceObject: {fileID: 0}
  m_PrefabInstance: {fileID: 0}
  m_PrefabAsset: {fileID: 0}
  m_GameObject: {fileID: 7603000899531569003}
  serializedVersion: 2
  m_Mass: 10
  m_Drag: 1
  m_AngularDrag: 0.05
  m_UseGravity: 0
  m_IsKinematic: 0
  m_Interpolate: 0
  m_Constraints: 112
  m_CollisionDetection: 0
--- !u!1 &7776600281053488187
GameObject:
  m_ObjectHideFlags: 0
  m_CorrespondingSourceObject: {fileID: 0}
  m_PrefabInstance: {fileID: 0}
  m_PrefabAsset: {fileID: 0}
  serializedVersion: 6
  m_Component:
  - component: {fileID: 462249489077080105}
  m_Layer: 10
  m_Name: Mesh
  m_TagString: Untagged
  m_Icon: {fileID: 0}
  m_NavMeshLayer: 0
  m_StaticEditorFlags: 0
  m_IsActive: 1
--- !u!4 &462249489077080105
Transform:
  m_ObjectHideFlags: 0
  m_CorrespondingSourceObject: {fileID: 0}
  m_PrefabInstance: {fileID: 0}
  m_PrefabAsset: {fileID: 0}
  m_GameObject: {fileID: 7776600281053488187}
  m_LocalRotation: {x: -0, y: -0, z: -0, w: 1}
  m_LocalPosition: {x: 0, y: 0, z: 0}
  m_LocalScale: {x: 1, y: 1, z: 1}
  m_Children:
  - {fileID: 543450652565490561}
  m_Father: {fileID: 6564991116414574341}
  m_RootOrder: 0
  m_LocalEulerAnglesHint: {x: 0, y: 0, z: 0}
--- !u!1 &8376410206114784418
GameObject:
  m_ObjectHideFlags: 0
  m_CorrespondingSourceObject: {fileID: 0}
  m_PrefabInstance: {fileID: 0}
  m_PrefabAsset: {fileID: 0}
  serializedVersion: 6
  m_Component:
  - component: {fileID: 854312741885106611}
  - component: {fileID: 3666092173659166446}
  - component: {fileID: 926345823256026683}
  - component: {fileID: 5946116150690362998}
  m_Layer: 10
  m_Name: AttackHitbox
  m_TagString: Untagged
  m_Icon: {fileID: 0}
  m_NavMeshLayer: 0
  m_StaticEditorFlags: 0
  m_IsActive: 0
--- !u!4 &854312741885106611
Transform:
  m_ObjectHideFlags: 0
  m_CorrespondingSourceObject: {fileID: 0}
  m_PrefabInstance: {fileID: 0}
  m_PrefabAsset: {fileID: 0}
  m_GameObject: {fileID: 8376410206114784418}
  m_LocalRotation: {x: -0, y: -0, z: -0, w: 1}
  m_LocalPosition: {x: 0, y: 0.5, z: 0.5}
  m_LocalScale: {x: 1, y: 1, z: 1}
  m_Children:
  - {fileID: 7063330229927441326}
  - {fileID: 5710191636179311966}
  m_Father: {fileID: 543450652565490561}
  m_RootOrder: 2
  m_LocalEulerAnglesHint: {x: 0, y: 0, z: 0}
--- !u!65 &3666092173659166446
BoxCollider:
  m_ObjectHideFlags: 0
  m_CorrespondingSourceObject: {fileID: 0}
  m_PrefabInstance: {fileID: 0}
  m_PrefabAsset: {fileID: 0}
  m_GameObject: {fileID: 8376410206114784418}
  m_Material: {fileID: 0}
  m_IsTrigger: 1
  m_Enabled: 1
  serializedVersion: 2
  m_Size: {x: 1, y: 1, z: 1}
  m_Center: {x: 0, y: 0, z: 0}
--- !u!114 &926345823256026683
MonoBehaviour:
  m_ObjectHideFlags: 0
  m_CorrespondingSourceObject: {fileID: 0}
  m_PrefabInstance: {fileID: 0}
  m_PrefabAsset: {fileID: 0}
  m_GameObject: {fileID: 8376410206114784418}
  m_Enabled: 1
  m_EditorHideFlags: 0
  m_Script: {fileID: 11500000, guid: ea89fc04140563742b7978d018114d38, type: 3}
  m_Name: 
  m_EditorClassIdentifier: 
  m_damage: 1
  m_force: 10
  side: 1
--- !u!114 &5946116150690362998
MonoBehaviour:
  m_ObjectHideFlags: 0
  m_CorrespondingSourceObject: {fileID: 0}
  m_PrefabInstance: {fileID: 0}
  m_PrefabAsset: {fileID: 0}
  m_GameObject: {fileID: 8376410206114784418}
  m_Enabled: 1
  m_EditorHideFlags: 0
  m_Script: {fileID: 11500000, guid: da3f3f8cc3272af4d883d7dd1058e021, type: 3}
  m_Name: 
  m_EditorClassIdentifier: 
  m_time: 0.1
--- !u!1001 &1168354410
PrefabInstance:
  m_ObjectHideFlags: 0
  serializedVersion: 2
  m_Modification:
    m_TransformParent: {fileID: 462249489077080105}
    m_Modifications:
    - target: {fileID: -8679921383154817045, guid: 5d2231e66b8b84b45884c0f86c4b9f31, type: 3}
      propertyPath: m_LocalPosition.x
      value: 0
      objectReference: {fileID: 0}
    - target: {fileID: -8679921383154817045, guid: 5d2231e66b8b84b45884c0f86c4b9f31, type: 3}
      propertyPath: m_LocalPosition.y
      value: -0.5
      objectReference: {fileID: 0}
    - target: {fileID: -8679921383154817045, guid: 5d2231e66b8b84b45884c0f86c4b9f31, type: 3}
      propertyPath: m_LocalPosition.z
      value: 0
      objectReference: {fileID: 0}
    - target: {fileID: -8679921383154817045, guid: 5d2231e66b8b84b45884c0f86c4b9f31, type: 3}
      propertyPath: m_LocalRotation.x
      value: -0
      objectReference: {fileID: 0}
    - target: {fileID: -8679921383154817045, guid: 5d2231e66b8b84b45884c0f86c4b9f31, type: 3}
      propertyPath: m_LocalRotation.y
      value: -0
      objectReference: {fileID: 0}
    - target: {fileID: -8679921383154817045, guid: 5d2231e66b8b84b45884c0f86c4b9f31, type: 3}
      propertyPath: m_LocalRotation.z
      value: -0
      objectReference: {fileID: 0}
    - target: {fileID: -8679921383154817045, guid: 5d2231e66b8b84b45884c0f86c4b9f31, type: 3}
      propertyPath: m_LocalRotation.w
      value: 1
      objectReference: {fileID: 0}
    - target: {fileID: -8679921383154817045, guid: 5d2231e66b8b84b45884c0f86c4b9f31, type: 3}
      propertyPath: m_RootOrder
      value: 0
      objectReference: {fileID: 0}
    - target: {fileID: -8679921383154817045, guid: 5d2231e66b8b84b45884c0f86c4b9f31, type: 3}
      propertyPath: m_LocalEulerAnglesHint.x
      value: 0
      objectReference: {fileID: 0}
    - target: {fileID: -8679921383154817045, guid: 5d2231e66b8b84b45884c0f86c4b9f31, type: 3}
      propertyPath: m_LocalEulerAnglesHint.y
      value: 0
      objectReference: {fileID: 0}
    - target: {fileID: -8679921383154817045, guid: 5d2231e66b8b84b45884c0f86c4b9f31, type: 3}
      propertyPath: m_LocalEulerAnglesHint.z
      value: 0
      objectReference: {fileID: 0}
    - target: {fileID: 919132149155446097, guid: 5d2231e66b8b84b45884c0f86c4b9f31, type: 3}
      propertyPath: m_Name
      value: Zombie
      objectReference: {fileID: 0}
    - target: {fileID: 8597865178428971248, guid: 5d2231e66b8b84b45884c0f86c4b9f31, type: 3}
      propertyPath: m_Materials.Array.data[0]
      value: 
      objectReference: {fileID: 2100000, guid: f0ee9fd23d67bc640a48554dab03e376, type: 2}
    m_RemovedComponents: []
  m_SourcePrefab: {fileID: 100100000, guid: 5d2231e66b8b84b45884c0f86c4b9f31, type: 3}
--- !u!1 &919132148041945403 stripped
GameObject:
  m_CorrespondingSourceObject: {fileID: 919132149155446097, guid: 5d2231e66b8b84b45884c0f86c4b9f31, type: 3}
  m_PrefabInstance: {fileID: 1168354410}
  m_PrefabAsset: {fileID: 0}
--- !u!4 &543450652565490561 stripped
Transform:
  m_CorrespondingSourceObject: {fileID: -8679921383154817045, guid: 5d2231e66b8b84b45884c0f86c4b9f31, type: 3}
  m_PrefabInstance: {fileID: 1168354410}
  m_PrefabAsset: {fileID: 0}
--- !u!1001 &4648661648127848367
PrefabInstance:
  m_ObjectHideFlags: 0
  serializedVersion: 2
  m_Modification:
    m_TransformParent: {fileID: 854312741885106611}
    m_Modifications:
    - target: {fileID: 474430499780836270, guid: 68ce7d9fe254b9f469e7f6b6e8a25036, type: 3}
      propertyPath: playOnAwake
      value: 1
      objectReference: {fileID: 0}
    - target: {fileID: 951242000556888961, guid: 68ce7d9fe254b9f469e7f6b6e8a25036, type: 3}
      propertyPath: playOnAwake
      value: 1
      objectReference: {fileID: 0}
    - target: {fileID: 2187195134405431521, guid: 68ce7d9fe254b9f469e7f6b6e8a25036, type: 3}
      propertyPath: playOnAwake
      value: 1
      objectReference: {fileID: 0}
    - target: {fileID: 2487852077141597185, guid: 68ce7d9fe254b9f469e7f6b6e8a25036, type: 3}
      propertyPath: m_LocalPosition.x
      value: 0
      objectReference: {fileID: 0}
    - target: {fileID: 2487852077141597185, guid: 68ce7d9fe254b9f469e7f6b6e8a25036, type: 3}
      propertyPath: m_LocalPosition.y
      value: 0
      objectReference: {fileID: 0}
    - target: {fileID: 2487852077141597185, guid: 68ce7d9fe254b9f469e7f6b6e8a25036, type: 3}
      propertyPath: m_LocalPosition.z
      value: 0
      objectReference: {fileID: 0}
    - target: {fileID: 2487852077141597185, guid: 68ce7d9fe254b9f469e7f6b6e8a25036, type: 3}
      propertyPath: m_LocalRotation.x
      value: -0
      objectReference: {fileID: 0}
    - target: {fileID: 2487852077141597185, guid: 68ce7d9fe254b9f469e7f6b6e8a25036, type: 3}
      propertyPath: m_LocalRotation.y
      value: -0
      objectReference: {fileID: 0}
    - target: {fileID: 2487852077141597185, guid: 68ce7d9fe254b9f469e7f6b6e8a25036, type: 3}
      propertyPath: m_LocalRotation.z
      value: -0
      objectReference: {fileID: 0}
    - target: {fileID: 2487852077141597185, guid: 68ce7d9fe254b9f469e7f6b6e8a25036, type: 3}
      propertyPath: m_LocalRotation.w
      value: 1
      objectReference: {fileID: 0}
    - target: {fileID: 2487852077141597185, guid: 68ce7d9fe254b9f469e7f6b6e8a25036, type: 3}
      propertyPath: m_RootOrder
      value: 0
      objectReference: {fileID: 0}
    - target: {fileID: 2487852077141597185, guid: 68ce7d9fe254b9f469e7f6b6e8a25036, type: 3}
      propertyPath: m_LocalEulerAnglesHint.x
      value: 0
      objectReference: {fileID: 0}
    - target: {fileID: 2487852077141597185, guid: 68ce7d9fe254b9f469e7f6b6e8a25036, type: 3}
      propertyPath: m_LocalEulerAnglesHint.y
      value: 0
      objectReference: {fileID: 0}
    - target: {fileID: 2487852077141597185, guid: 68ce7d9fe254b9f469e7f6b6e8a25036, type: 3}
      propertyPath: m_LocalEulerAnglesHint.z
      value: 0
      objectReference: {fileID: 0}
    - target: {fileID: 5434821917553732636, guid: 68ce7d9fe254b9f469e7f6b6e8a25036, type: 3}
      propertyPath: m_Name
      value: SwordSlash_Zombie_VFX
      objectReference: {fileID: 0}
    - target: {fileID: 7589216146629355190, guid: 68ce7d9fe254b9f469e7f6b6e8a25036, type: 3}
      propertyPath: playOnAwake
      value: 1
      objectReference: {fileID: 0}
    m_RemovedComponents: []
  m_SourcePrefab: {fileID: 100100000, guid: 68ce7d9fe254b9f469e7f6b6e8a25036, type: 3}
--- !u!4 &7063330229927441326 stripped
Transform:
  m_CorrespondingSourceObject: {fileID: 2487852077141597185, guid: 68ce7d9fe254b9f469e7f6b6e8a25036, type: 3}
  m_PrefabInstance: {fileID: 4648661648127848367}
  m_PrefabAsset: {fileID: 0}
--- !u!1001 &5462473971555543737
PrefabInstance:
  m_ObjectHideFlags: 0
  serializedVersion: 2
  m_Modification:
    m_TransformParent: {fileID: 6564991116414574341}
    m_Modifications:
    - target: {fileID: 4837827263520899060, guid: 94b7acf287a2a2e46a14d1f454a2f4cc, type: 3}
      propertyPath: playOnAwake
      value: 0
      objectReference: {fileID: 0}
    - target: {fileID: 5256508802106645496, guid: 94b7acf287a2a2e46a14d1f454a2f4cc, type: 3}
      propertyPath: playOnAwake
      value: 0
      objectReference: {fileID: 0}
    - target: {fileID: 5993489393972662680, guid: 94b7acf287a2a2e46a14d1f454a2f4cc, type: 3}
      propertyPath: playOnAwake
      value: 0
      objectReference: {fileID: 0}
    - target: {fileID: 6355075509286257742, guid: 94b7acf287a2a2e46a14d1f454a2f4cc, type: 3}
      propertyPath: playOnAwake
      value: 0
      objectReference: {fileID: 0}
    - target: {fileID: 6965887978503705885, guid: 94b7acf287a2a2e46a14d1f454a2f4cc, type: 3}
      propertyPath: m_LocalPosition.x
      value: 0
      objectReference: {fileID: 0}
    - target: {fileID: 6965887978503705885, guid: 94b7acf287a2a2e46a14d1f454a2f4cc, type: 3}
      propertyPath: m_LocalPosition.y
      value: 0.165
      objectReference: {fileID: 0}
    - target: {fileID: 6965887978503705885, guid: 94b7acf287a2a2e46a14d1f454a2f4cc, type: 3}
      propertyPath: m_LocalPosition.z
      value: 0
      objectReference: {fileID: 0}
    - target: {fileID: 6965887978503705885, guid: 94b7acf287a2a2e46a14d1f454a2f4cc, type: 3}
      propertyPath: m_LocalRotation.x
      value: 0
      objectReference: {fileID: 0}
    - target: {fileID: 6965887978503705885, guid: 94b7acf287a2a2e46a14d1f454a2f4cc, type: 3}
      propertyPath: m_LocalRotation.y
      value: 0
      objectReference: {fileID: 0}
    - target: {fileID: 6965887978503705885, guid: 94b7acf287a2a2e46a14d1f454a2f4cc, type: 3}
      propertyPath: m_LocalRotation.z
      value: 0
      objectReference: {fileID: 0}
    - target: {fileID: 6965887978503705885, guid: 94b7acf287a2a2e46a14d1f454a2f4cc, type: 3}
      propertyPath: m_LocalRotation.w
      value: 1
      objectReference: {fileID: 0}
    - target: {fileID: 6965887978503705885, guid: 94b7acf287a2a2e46a14d1f454a2f4cc, type: 3}
      propertyPath: m_RootOrder
      value: 1
      objectReference: {fileID: 0}
    - target: {fileID: 6965887978503705885, guid: 94b7acf287a2a2e46a14d1f454a2f4cc, type: 3}
      propertyPath: m_LocalEulerAnglesHint.x
      value: 0
      objectReference: {fileID: 0}
    - target: {fileID: 6965887978503705885, guid: 94b7acf287a2a2e46a14d1f454a2f4cc, type: 3}
      propertyPath: m_LocalEulerAnglesHint.y
      value: 0
      objectReference: {fileID: 0}
    - target: {fileID: 6965887978503705885, guid: 94b7acf287a2a2e46a14d1f454a2f4cc, type: 3}
      propertyPath: m_LocalEulerAnglesHint.z
      value: 0
      objectReference: {fileID: 0}
    - target: {fileID: 8285068973910693210, guid: 94b7acf287a2a2e46a14d1f454a2f4cc, type: 3}
      propertyPath: playOnAwake
      value: 0
      objectReference: {fileID: 0}
    - target: {fileID: 9062333349713390191, guid: 94b7acf287a2a2e46a14d1f454a2f4cc, type: 3}
      propertyPath: m_Name
      value: Enemy_Hit
      objectReference: {fileID: 0}
    - target: {fileID: 9062333349713390191, guid: 94b7acf287a2a2e46a14d1f454a2f4cc, type: 3}
      propertyPath: m_IsActive
      value: 1
      objectReference: {fileID: 0}
    - target: {fileID: 9145332740127531346, guid: 94b7acf287a2a2e46a14d1f454a2f4cc, type: 3}
      propertyPath: playOnAwake
      value: 0
      objectReference: {fileID: 0}
    - target: {fileID: 9145332740127531346, guid: 94b7acf287a2a2e46a14d1f454a2f4cc, type: 3}
      propertyPath: stopAction
      value: 0
      objectReference: {fileID: 0}
    m_RemovedComponents: []
  m_SourcePrefab: {fileID: 100100000, guid: 94b7acf287a2a2e46a14d1f454a2f4cc, type: 3}
--- !u!4 &3126999073996029860 stripped
Transform:
  m_CorrespondingSourceObject: {fileID: 6965887978503705885, guid: 94b7acf287a2a2e46a14d1f454a2f4cc, type: 3}
  m_PrefabInstance: {fileID: 5462473971555543737}
  m_PrefabAsset: {fileID: 0}
--- !u!198 &3829225779459230699 stripped
ParticleSystem:
  m_CorrespondingSourceObject: {fileID: 9145332740127531346, guid: 94b7acf287a2a2e46a14d1f454a2f4cc, type: 3}
  m_PrefabInstance: {fileID: 5462473971555543737}
  m_PrefabAsset: {fileID: 0}
--- !u!1001 &5578520216289524717
PrefabInstance:
  m_ObjectHideFlags: 0
  serializedVersion: 2
  m_Modification:
    m_TransformParent: {fileID: 3126999073996029860}
    m_Modifications:
    - target: {fileID: 492126456305630749, guid: 410a6bbfb206eba489dac96b2e83dadb, type: 3}
      propertyPath: m_LocalPosition.x
      value: 0
      objectReference: {fileID: 0}
    - target: {fileID: 492126456305630749, guid: 410a6bbfb206eba489dac96b2e83dadb, type: 3}
      propertyPath: m_LocalPosition.y
      value: -0.04900007
      objectReference: {fileID: 0}
    - target: {fileID: 492126456305630749, guid: 410a6bbfb206eba489dac96b2e83dadb, type: 3}
      propertyPath: m_LocalPosition.z
      value: 0
      objectReference: {fileID: 0}
    - target: {fileID: 492126456305630749, guid: 410a6bbfb206eba489dac96b2e83dadb, type: 3}
      propertyPath: m_LocalRotation.x
      value: -0
      objectReference: {fileID: 0}
    - target: {fileID: 492126456305630749, guid: 410a6bbfb206eba489dac96b2e83dadb, type: 3}
      propertyPath: m_LocalRotation.y
      value: -0
      objectReference: {fileID: 0}
    - target: {fileID: 492126456305630749, guid: 410a6bbfb206eba489dac96b2e83dadb, type: 3}
      propertyPath: m_LocalRotation.z
      value: -0
      objectReference: {fileID: 0}
    - target: {fileID: 492126456305630749, guid: 410a6bbfb206eba489dac96b2e83dadb, type: 3}
      propertyPath: m_LocalRotation.w
      value: 1
      objectReference: {fileID: 0}
    - target: {fileID: 492126456305630749, guid: 410a6bbfb206eba489dac96b2e83dadb, type: 3}
      propertyPath: m_RootOrder
      value: 5
      objectReference: {fileID: 0}
    - target: {fileID: 492126456305630749, guid: 410a6bbfb206eba489dac96b2e83dadb, type: 3}
      propertyPath: m_LocalEulerAnglesHint.x
      value: 0
      objectReference: {fileID: 0}
    - target: {fileID: 492126456305630749, guid: 410a6bbfb206eba489dac96b2e83dadb, type: 3}
      propertyPath: m_LocalEulerAnglesHint.y
      value: 0
      objectReference: {fileID: 0}
    - target: {fileID: 492126456305630749, guid: 410a6bbfb206eba489dac96b2e83dadb, type: 3}
      propertyPath: m_LocalEulerAnglesHint.z
      value: 0
      objectReference: {fileID: 0}
    - target: {fileID: 1189963467052362727, guid: 410a6bbfb206eba489dac96b2e83dadb, type: 3}
      propertyPath: m_Name
      value: Bloodsplash_VFX
      objectReference: {fileID: 0}
    - target: {fileID: 1894392319695795765, guid: 410a6bbfb206eba489dac96b2e83dadb, type: 3}
      propertyPath: playOnAwake
      value: 0
      objectReference: {fileID: 0}
    - target: {fileID: 1894392319695795765, guid: 410a6bbfb206eba489dac96b2e83dadb, type: 3}
      propertyPath: startDelay.scalar
      value: 0.1
      objectReference: {fileID: 0}
    m_RemovedComponents: []
  m_SourcePrefab: {fileID: 100100000, guid: 410a6bbfb206eba489dac96b2e83dadb, type: 3}
--- !u!1001 &5715945545203385006
PrefabInstance:
  m_ObjectHideFlags: 0
  serializedVersion: 2
  m_Modification:
    m_TransformParent: {fileID: 6564991116414574341}
    m_Modifications:
    - target: {fileID: 3412392099874461453, guid: f0ff151996ac7c7489184c7bc09af6c0, type: 3}
      propertyPath: m_Name
      value: Zombie_Spawn_VFX
      objectReference: {fileID: 0}
    - target: {fileID: 5990836924795003982, guid: f0ff151996ac7c7489184c7bc09af6c0, type: 3}
      propertyPath: m_LocalPosition.x
      value: 0
      objectReference: {fileID: 0}
    - target: {fileID: 5990836924795003982, guid: f0ff151996ac7c7489184c7bc09af6c0, type: 3}
      propertyPath: m_LocalPosition.y
      value: -0.5
      objectReference: {fileID: 0}
    - target: {fileID: 5990836924795003982, guid: f0ff151996ac7c7489184c7bc09af6c0, type: 3}
      propertyPath: m_LocalPosition.z
      value: 0
      objectReference: {fileID: 0}
    - target: {fileID: 5990836924795003982, guid: f0ff151996ac7c7489184c7bc09af6c0, type: 3}
      propertyPath: m_LocalRotation.x
      value: 0
      objectReference: {fileID: 0}
    - target: {fileID: 5990836924795003982, guid: f0ff151996ac7c7489184c7bc09af6c0, type: 3}
      propertyPath: m_LocalRotation.y
      value: 0
      objectReference: {fileID: 0}
    - target: {fileID: 5990836924795003982, guid: f0ff151996ac7c7489184c7bc09af6c0, type: 3}
      propertyPath: m_LocalRotation.z
      value: 0
      objectReference: {fileID: 0}
    - target: {fileID: 5990836924795003982, guid: f0ff151996ac7c7489184c7bc09af6c0, type: 3}
      propertyPath: m_LocalRotation.w
      value: 1
      objectReference: {fileID: 0}
    - target: {fileID: 5990836924795003982, guid: f0ff151996ac7c7489184c7bc09af6c0, type: 3}
      propertyPath: m_RootOrder
      value: 3
      objectReference: {fileID: 0}
    - target: {fileID: 5990836924795003982, guid: f0ff151996ac7c7489184c7bc09af6c0, type: 3}
      propertyPath: m_LocalEulerAnglesHint.x
      value: 0
      objectReference: {fileID: 0}
    - target: {fileID: 5990836924795003982, guid: f0ff151996ac7c7489184c7bc09af6c0, type: 3}
      propertyPath: m_LocalEulerAnglesHint.y
      value: 0
      objectReference: {fileID: 0}
    - target: {fileID: 5990836924795003982, guid: f0ff151996ac7c7489184c7bc09af6c0, type: 3}
      propertyPath: m_LocalEulerAnglesHint.z
      value: 0
      objectReference: {fileID: 0}
    m_RemovedComponents: []
  m_SourcePrefab: {fileID: 100100000, guid: f0ff151996ac7c7489184c7bc09af6c0, type: 3}
--- !u!4 &2049318431024490208 stripped
Transform:
  m_CorrespondingSourceObject: {fileID: 5990836924795003982, guid: f0ff151996ac7c7489184c7bc09af6c0, type: 3}
  m_PrefabInstance: {fileID: 5715945545203385006}
  m_PrefabAsset: {fileID: 0}
--- !u!1001 &6658075204065296810
PrefabInstance:
  m_ObjectHideFlags: 0
  serializedVersion: 2
  m_Modification:
    m_TransformParent: {fileID: 6564991116414574341}
    m_Modifications:
    - target: {fileID: 1017928842961193038, guid: 310c2fb472b7f754db4218068d21d816, type: 3}
      propertyPath: playOnAwake
      value: 1
      objectReference: {fileID: 0}
    - target: {fileID: 1532150149847826124, guid: 310c2fb472b7f754db4218068d21d816, type: 3}
      propertyPath: playOnAwake
      value: 1
      objectReference: {fileID: 0}
    - target: {fileID: 3713992561946213033, guid: 310c2fb472b7f754db4218068d21d816, type: 3}
      propertyPath: playOnAwake
      value: 1
      objectReference: {fileID: 0}
    - target: {fileID: 3763499603359902621, guid: 310c2fb472b7f754db4218068d21d816, type: 3}
      propertyPath: playOnAwake
      value: 1
      objectReference: {fileID: 0}
    - target: {fileID: 6259809238189632551, guid: 310c2fb472b7f754db4218068d21d816, type: 3}
      propertyPath: m_Name
      value: Fire_VFX
      objectReference: {fileID: 0}
    - target: {fileID: 6259809238189632551, guid: 310c2fb472b7f754db4218068d21d816, type: 3}
      propertyPath: m_IsActive
      value: 0
      objectReference: {fileID: 0}
    - target: {fileID: 6475333790969255326, guid: 310c2fb472b7f754db4218068d21d816, type: 3}
      propertyPath: playOnAwake
      value: 1
      objectReference: {fileID: 0}
    - target: {fileID: 7153795456695871924, guid: 310c2fb472b7f754db4218068d21d816, type: 3}
      propertyPath: playOnAwake
      value: 1
      objectReference: {fileID: 0}
    - target: {fileID: 7275285292641237120, guid: 310c2fb472b7f754db4218068d21d816, type: 3}
      propertyPath: playOnAwake
      value: 1
      objectReference: {fileID: 0}
    - target: {fileID: 8894789746249581275, guid: 310c2fb472b7f754db4218068d21d816, type: 3}
      propertyPath: m_LocalPosition.x
      value: 0
      objectReference: {fileID: 0}
    - target: {fileID: 8894789746249581275, guid: 310c2fb472b7f754db4218068d21d816, type: 3}
      propertyPath: m_LocalPosition.y
      value: 0.464
      objectReference: {fileID: 0}
    - target: {fileID: 8894789746249581275, guid: 310c2fb472b7f754db4218068d21d816, type: 3}
      propertyPath: m_LocalPosition.z
      value: 0
      objectReference: {fileID: 0}
    - target: {fileID: 8894789746249581275, guid: 310c2fb472b7f754db4218068d21d816, type: 3}
      propertyPath: m_LocalRotation.x
      value: -0.7071068
      objectReference: {fileID: 0}
    - target: {fileID: 8894789746249581275, guid: 310c2fb472b7f754db4218068d21d816, type: 3}
      propertyPath: m_LocalRotation.y
      value: 0
      objectReference: {fileID: 0}
    - target: {fileID: 8894789746249581275, guid: 310c2fb472b7f754db4218068d21d816, type: 3}
      propertyPath: m_LocalRotation.z
      value: 0
      objectReference: {fileID: 0}
    - target: {fileID: 8894789746249581275, guid: 310c2fb472b7f754db4218068d21d816, type: 3}
      propertyPath: m_LocalRotation.w
      value: 0.7071068
      objectReference: {fileID: 0}
    - target: {fileID: 8894789746249581275, guid: 310c2fb472b7f754db4218068d21d816, type: 3}
      propertyPath: m_RootOrder
      value: 2
      objectReference: {fileID: 0}
    - target: {fileID: 8894789746249581275, guid: 310c2fb472b7f754db4218068d21d816, type: 3}
      propertyPath: m_LocalEulerAnglesHint.x
      value: -90
      objectReference: {fileID: 0}
    - target: {fileID: 8894789746249581275, guid: 310c2fb472b7f754db4218068d21d816, type: 3}
      propertyPath: m_LocalEulerAnglesHint.y
      value: 0
      objectReference: {fileID: 0}
    - target: {fileID: 8894789746249581275, guid: 310c2fb472b7f754db4218068d21d816, type: 3}
      propertyPath: m_LocalEulerAnglesHint.z
      value: 0
      objectReference: {fileID: 0}
    m_RemovedComponents: []
  m_SourcePrefab: {fileID: 100100000, guid: 310c2fb472b7f754db4218068d21d816, type: 3}
--- !u!1 &772775569885916557 stripped
GameObject:
  m_CorrespondingSourceObject: {fileID: 6259809238189632551, guid: 310c2fb472b7f754db4218068d21d816, type: 3}
  m_PrefabInstance: {fileID: 6658075204065296810}
  m_PrefabAsset: {fileID: 0}
--- !u!4 &2816605994171777905 stripped
Transform:
  m_CorrespondingSourceObject: {fileID: 8894789746249581275, guid: 310c2fb472b7f754db4218068d21d816, type: 3}
  m_PrefabInstance: {fileID: 6658075204065296810}
  m_PrefabAsset: {fileID: 0}
