%YAML 1.1
%TAG !u! tag:unity3d.com,2011:
--- !u!1 &473856657967940607
GameObject:
  m_ObjectHideFlags: 0
  m_CorrespondingSourceObject: {fileID: 0}
  m_PrefabInstance: {fileID: 0}
  m_PrefabAsset: {fileID: 0}
  serializedVersion: 6
  m_Component:
  - component: {fileID: 799083570918289573}
  m_Layer: 0
  m_Name: J_hat4
  m_TagString: Untagged
  m_Icon: {fileID: 0}
  m_NavMeshLayer: 0
  m_StaticEditorFlags: 0
  m_IsActive: 1
--- !u!4 &799083570918289573
Transform:
  m_ObjectHideFlags: 0
  m_CorrespondingSourceObject: {fileID: 0}
  m_PrefabInstance: {fileID: 0}
  m_PrefabAsset: {fileID: 0}
  m_GameObject: {fileID: 473856657967940607}
  m_LocalRotation: {x: 0.09067194, y: -0, z: -0, w: 0.99588084}
  m_LocalPosition: {x: -4.6562613e-33, y: 0.18741621, z: -8.289466e-18}
  m_LocalScale: {x: 1, y: 1, z: 1}
  m_Children:
  - {fileID: 3825936536547392119}
  m_Father: {fileID: 4266245497146073684}
  m_RootOrder: 0
  m_LocalEulerAnglesHint: {x: 0, y: 0, z: 0}
--- !u!1 &678685000494366535
GameObject:
  m_ObjectHideFlags: 0
  m_CorrespondingSourceObject: {fileID: 0}
  m_PrefabInstance: {fileID: 0}
  m_PrefabAsset: {fileID: 0}
  serializedVersion: 6
  m_Component:
  - component: {fileID: 3478179451693642811}
  m_Layer: 0
  m_Name: J_thumb1_R
  m_TagString: Untagged
  m_Icon: {fileID: 0}
  m_NavMeshLayer: 0
  m_StaticEditorFlags: 0
  m_IsActive: 1
--- !u!4 &3478179451693642811
Transform:
  m_ObjectHideFlags: 0
  m_CorrespondingSourceObject: {fileID: 0}
  m_PrefabInstance: {fileID: 0}
  m_PrefabAsset: {fileID: 0}
  m_GameObject: {fileID: 678685000494366535}
  m_LocalRotation: {x: 0.000000010456512, y: 0.0000000021294073, z: 0.12314693, w: 0.9923885}
  m_LocalPosition: {x: 0.028137142, y: -0.034853857, z: -0.018064158}
  m_LocalScale: {x: 1, y: 1, z: 1}
  m_Children:
  - {fileID: 5684132182051497540}
  m_Father: {fileID: 5034611473983668861}
  m_RootOrder: 1
  m_LocalEulerAnglesHint: {x: 0, y: 0, z: 0}
--- !u!1 &741759201861022357
GameObject:
  m_ObjectHideFlags: 0
  m_CorrespondingSourceObject: {fileID: 0}
  m_PrefabInstance: {fileID: 0}
  m_PrefabAsset: {fileID: 0}
  serializedVersion: 6
  m_Component:
  - component: {fileID: 6570974333924300800}
  m_Layer: 0
  m_Name: J_knee_L
  m_TagString: Untagged
  m_Icon: {fileID: 0}
  m_NavMeshLayer: 0
  m_StaticEditorFlags: 0
  m_IsActive: 1
--- !u!4 &6570974333924300800
Transform:
  m_ObjectHideFlags: 0
  m_CorrespondingSourceObject: {fileID: 0}
  m_PrefabInstance: {fileID: 0}
  m_PrefabAsset: {fileID: 0}
  m_GameObject: {fileID: 741759201861022357}
  m_LocalRotation: {x: 0, y: -0, z: -0.00055140705, w: 0.9999999}
  m_LocalPosition: {x: 1.8873296e-15, y: 0.1729602, z: 0}
  m_LocalScale: {x: 1, y: 1, z: 1}
  m_Children:
  - {fileID: 6563789397842755471}
  m_Father: {fileID: 3814894416898335352}
  m_RootOrder: 0
  m_LocalEulerAnglesHint: {x: 0, y: 0, z: 0}
--- !u!1 &778131597387089108
GameObject:
  m_ObjectHideFlags: 0
  m_CorrespondingSourceObject: {fileID: 0}
  m_PrefabInstance: {fileID: 0}
  m_PrefabAsset: {fileID: 0}
  serializedVersion: 6
  m_Component:
  - component: {fileID: 3712940277012166735}
  m_Layer: 0
  m_Name: J_hand2_L
  m_TagString: Untagged
  m_Icon: {fileID: 0}
  m_NavMeshLayer: 0
  m_StaticEditorFlags: 0
  m_IsActive: 1
--- !u!4 &3712940277012166735
Transform:
  m_ObjectHideFlags: 0
  m_CorrespondingSourceObject: {fileID: 0}
  m_PrefabInstance: {fileID: 0}
  m_PrefabAsset: {fileID: 0}
  m_GameObject: {fileID: 778131597387089108}
  m_LocalRotation: {x: 0, y: 0, z: 0.016714593, w: 0.99986035}
  m_LocalPosition: {x: -7.181755e-17, y: 0.030569801, z: 4.80506e-32}
  m_LocalScale: {x: 1, y: 1, z: 1}
  m_Children:
  - {fileID: 5706549018914640821}
  m_Father: {fileID: 7433430183172978783}
  m_RootOrder: 0
  m_LocalEulerAnglesHint: {x: 0, y: 0, z: 0}
--- !u!1 &1084443003919079155
GameObject:
  m_ObjectHideFlags: 0
  m_CorrespondingSourceObject: {fileID: 0}
  m_PrefabInstance: {fileID: 0}
  m_PrefabAsset: {fileID: 0}
  serializedVersion: 6
  m_Component:
  - component: {fileID: 4969341686213077929}
  m_Layer: 0
  m_Name: J_hand1_R
  m_TagString: Untagged
  m_Icon: {fileID: 0}
  m_NavMeshLayer: 0
  m_StaticEditorFlags: 0
  m_IsActive: 1
--- !u!4 &4969341686213077929
Transform:
  m_ObjectHideFlags: 0
  m_CorrespondingSourceObject: {fileID: 0}
  m_PrefabInstance: {fileID: 0}
  m_PrefabAsset: {fileID: 0}
  m_GameObject: {fileID: 1084443003919079155}
  m_LocalRotation: {x: 0.000000012846544, y: 0.0000000014531325, z: 0.09489842, w: 0.995487}
  m_LocalPosition: {x: -0.0000005495014, y: -0.045498237, z: 9.452236e-10}
  m_LocalScale: {x: 1, y: 1, z: 1}
  m_Children:
  - {fileID: 1943314908650449269}
  m_Father: {fileID: 5034611473983668861}
  m_RootOrder: 0
  m_LocalEulerAnglesHint: {x: 0, y: 0, z: 0}
--- !u!1 &1133354496109726280
GameObject:
  m_ObjectHideFlags: 0
  m_CorrespondingSourceObject: {fileID: 0}
  m_PrefabInstance: {fileID: 0}
  m_PrefabAsset: {fileID: 0}
  serializedVersion: 6
  m_Component:
  - component: {fileID: 8806461960644282919}
  m_Layer: 0
  m_Name: J_knee_R
  m_TagString: Untagged
  m_Icon: {fileID: 0}
  m_NavMeshLayer: 0
  m_StaticEditorFlags: 0
  m_IsActive: 1
--- !u!4 &8806461960644282919
Transform:
  m_ObjectHideFlags: 0
  m_CorrespondingSourceObject: {fileID: 0}
  m_PrefabInstance: {fileID: 0}
  m_PrefabAsset: {fileID: 0}
  m_GameObject: {fileID: 1133354496109726280}
  m_LocalRotation: {x: 0, y: -6.7527885e-20, z: -0.00055140705, w: 0.9999999}
  m_LocalPosition: {x: 0.00000013675087, y: -0.17295957, z: 2.1181439e-17}
  m_LocalScale: {x: 1, y: 1, z: 1}
  m_Children:
  - {fileID: 6351289740053459448}
  m_Father: {fileID: 6669085388785150033}
  m_RootOrder: 0
  m_LocalEulerAnglesHint: {x: 0, y: 0, z: 0}
--- !u!1 &1246713510565240160
GameObject:
  m_ObjectHideFlags: 0
  m_CorrespondingSourceObject: {fileID: 0}
  m_PrefabInstance: {fileID: 0}
  m_PrefabAsset: {fileID: 0}
  serializedVersion: 6
  m_Component:
  - component: {fileID: 3825936536547392119}
  m_Layer: 0
  m_Name: J_hat5
  m_TagString: Untagged
  m_Icon: {fileID: 0}
  m_NavMeshLayer: 0
  m_StaticEditorFlags: 0
  m_IsActive: 1
--- !u!4 &3825936536547392119
Transform:
  m_ObjectHideFlags: 0
  m_CorrespondingSourceObject: {fileID: 0}
  m_PrefabInstance: {fileID: 0}
  m_PrefabAsset: {fileID: 0}
  m_GameObject: {fileID: 1246713510565240160}
  m_LocalRotation: {x: 0, y: -0, z: -0, w: 1}
  m_LocalPosition: {x: 1.5641561e-32, y: 0.13267207, z: 6.4454754e-17}
  m_LocalScale: {x: 1, y: 1, z: 1}
  m_Children: []
  m_Father: {fileID: 799083570918289573}
  m_RootOrder: 0
  m_LocalEulerAnglesHint: {x: 0, y: 0, z: 0}
--- !u!1 &1494805025492962137
GameObject:
  m_ObjectHideFlags: 0
  m_CorrespondingSourceObject: {fileID: 0}
  m_PrefabInstance: {fileID: 0}
  m_PrefabAsset: {fileID: 0}
  serializedVersion: 6
  m_Component:
  - component: {fileID: 5962902881422445918}
  m_Layer: 0
  m_Name: J_thumb3_R
  m_TagString: Untagged
  m_Icon: {fileID: 0}
  m_NavMeshLayer: 0
  m_StaticEditorFlags: 0
  m_IsActive: 1
--- !u!4 &5962902881422445918
Transform:
  m_ObjectHideFlags: 0
  m_CorrespondingSourceObject: {fileID: 0}
  m_PrefabInstance: {fileID: 0}
  m_PrefabAsset: {fileID: 0}
  m_GameObject: {fileID: 1494805025492962137}
  m_LocalRotation: {x: 0, y: -0, z: -0, w: 1}
  m_LocalPosition: {x: 0.000000466408, y: -0.01703602, z: -0.0000000017996643}
  m_LocalScale: {x: 1, y: 1, z: 1}
  m_Children: []
  m_Father: {fileID: 5684132182051497540}
  m_RootOrder: 0
  m_LocalEulerAnglesHint: {x: 0, y: 0, z: 0}
--- !u!1 &1740763309381778871
GameObject:
  m_ObjectHideFlags: 0
  m_CorrespondingSourceObject: {fileID: 0}
  m_PrefabInstance: {fileID: 0}
  m_PrefabAsset: {fileID: 0}
  serializedVersion: 6
  m_Component:
  - component: {fileID: 1765745489679989687}
  m_Layer: 0
  m_Name: J_elbow_R
  m_TagString: Untagged
  m_Icon: {fileID: 0}
  m_NavMeshLayer: 0
  m_StaticEditorFlags: 0
  m_IsActive: 1
--- !u!4 &1765745489679989687
Transform:
  m_ObjectHideFlags: 0
  m_CorrespondingSourceObject: {fileID: 0}
  m_PrefabInstance: {fileID: 0}
  m_PrefabAsset: {fileID: 0}
  m_GameObject: {fileID: 1740763309381778871}
  m_LocalRotation: {x: 0.000000007450542, y: 9.2181526e-11, z: 0.0032317133, w: 0.9999948}
  m_LocalPosition: {x: 0.0000010367775, y: -0.14804278, z: 0.0000000031197689}
  m_LocalScale: {x: 1, y: 1, z: 1}
  m_Children:
  - {fileID: 5034611473983668861}
  m_Father: {fileID: 3227246162510646268}
  m_RootOrder: 0
  m_LocalEulerAnglesHint: {x: 0, y: 0, z: 0}
--- !u!1 &1831171886566386550
GameObject:
  m_ObjectHideFlags: 0
  m_CorrespondingSourceObject: {fileID: 0}
  m_PrefabInstance: {fileID: 0}
  m_PrefabAsset: {fileID: 0}
  serializedVersion: 6
  m_Component:
  - component: {fileID: 7433430183172978783}
  m_Layer: 0
  m_Name: J_hand1_L
  m_TagString: Untagged
  m_Icon: {fileID: 0}
  m_NavMeshLayer: 0
  m_StaticEditorFlags: 0
  m_IsActive: 1
--- !u!4 &7433430183172978783
Transform:
  m_ObjectHideFlags: 0
  m_CorrespondingSourceObject: {fileID: 0}
  m_PrefabInstance: {fileID: 0}
  m_PrefabAsset: {fileID: 0}
  m_GameObject: {fileID: 1831171886566386550}
  m_LocalRotation: {x: 0, y: 0, z: 0.09489842, w: 0.995487}
  m_LocalPosition: {x: 2.8449464e-17, y: 0.04549809, z: -1.1981858e-32}
  m_LocalScale: {x: 1, y: 1, z: 1}
  m_Children:
  - {fileID: 3712940277012166735}
  m_Father: {fileID: 3650733355476765058}
  m_RootOrder: 0
  m_LocalEulerAnglesHint: {x: 0, y: 0, z: 0}
--- !u!1 &1969006865773902859
GameObject:
  m_ObjectHideFlags: 0
  m_CorrespondingSourceObject: {fileID: 0}
  m_PrefabInstance: {fileID: 0}
  m_PrefabAsset: {fileID: 0}
  serializedVersion: 6
  m_Component:
  - component: {fileID: 6211095376423040059}
  - component: {fileID: 4298382400498605881}
  m_Layer: 0
  m_Name: Box
  m_TagString: Untagged
  m_Icon: {fileID: 0}
  m_NavMeshLayer: 0
  m_StaticEditorFlags: 0
  m_IsActive: 1
--- !u!4 &6211095376423040059
Transform:
  m_ObjectHideFlags: 0
  m_CorrespondingSourceObject: {fileID: 0}
  m_PrefabInstance: {fileID: 0}
  m_PrefabAsset: {fileID: 0}
  m_GameObject: {fileID: 1969006865773902859}
  m_LocalRotation: {x: 0, y: -0, z: -0, w: 1}
  m_LocalPosition: {x: -0, y: 0, z: 0}
  m_LocalScale: {x: 1, y: 1, z: 1}
  m_Children: []
  m_Father: {fileID: 1969321960277332504}
  m_RootOrder: 1
  m_LocalEulerAnglesHint: {x: 0, y: 0, z: 0}
--- !u!137 &4298382400498605881
SkinnedMeshRenderer:
  m_ObjectHideFlags: 0
  m_CorrespondingSourceObject: {fileID: 0}
  m_PrefabInstance: {fileID: 0}
  m_PrefabAsset: {fileID: 0}
  m_GameObject: {fileID: 1969006865773902859}
  m_Enabled: 1
  m_CastShadows: 1
  m_ReceiveShadows: 1
  m_DynamicOccludee: 1
  m_MotionVectors: 1
  m_LightProbeUsage: 1
  m_ReflectionProbeUsage: 1
  m_RayTracingMode: 3
  m_RayTraceProcedural: 0
  m_RenderingLayerMask: 1
  m_RendererPriority: 0
  m_Materials:
  - {fileID: 2100000, guid: 67f3853b3fdfb8348bb115da805db084, type: 2}
  m_StaticBatchInfo:
    firstSubMesh: 0
    subMeshCount: 0
  m_StaticBatchRoot: {fileID: 0}
  m_ProbeAnchor: {fileID: 0}
  m_LightProbeVolumeOverride: {fileID: 0}
  m_ScaleInLightmap: 1
  m_ReceiveGI: 1
  m_PreserveUVs: 0
  m_IgnoreNormalsForChartDetection: 0
  m_ImportantGI: 0
  m_StitchLightmapSeams: 1
  m_SelectedEditorRenderState: 3
  m_MinimumChartSize: 4
  m_AutoUVMaxDistance: 0.5
  m_AutoUVMaxAngle: 89
  m_LightmapParameters: {fileID: 0}
  m_SortingLayerID: 0
  m_SortingLayer: 0
  m_SortingOrder: 0
  serializedVersion: 2
  m_Quality: 0
  m_UpdateWhenOffscreen: 0
  m_SkinnedMotionVectors: 1
  m_Mesh: {fileID: -3262789968867269347, guid: 5fd7622fcacc92546a4940c86c1d6193, type: 3}
  m_Bones:
  - {fileID: 2158779329251642687}
  - {fileID: 1718335457668017550}
  - {fileID: 7457144885719241987}
  - {fileID: 8613861099200817939}
  - {fileID: 3814894416898335352}
  - {fileID: 6570974333924300800}
  - {fileID: 6669085388785150033}
  m_BlendShapeWeights: []
  m_RootBone: {fileID: 2158779329251642687}
  m_AABB:
    m_Center: {x: -0.14509864, y: -0.014176518, z: 0.045461193}
    m_Extent: {x: 0.028733164, y: 0.044304132, z: 0.03716203}
  m_DirtyAABB: 0
--- !u!1 &2415821771507310744
GameObject:
  m_ObjectHideFlags: 0
  m_CorrespondingSourceObject: {fileID: 0}
  m_PrefabInstance: {fileID: 0}
  m_PrefabAsset: {fileID: 0}
  serializedVersion: 6
  m_Component:
  - component: {fileID: 5694183324962757210}
  m_Layer: 0
  m_Name: J_hat2
  m_TagString: Untagged
  m_Icon: {fileID: 0}
  m_NavMeshLayer: 0
  m_StaticEditorFlags: 0
  m_IsActive: 1
--- !u!4 &5694183324962757210
Transform:
  m_ObjectHideFlags: 0
  m_CorrespondingSourceObject: {fileID: 0}
  m_PrefabInstance: {fileID: 0}
  m_PrefabAsset: {fileID: 0}
  m_GameObject: {fileID: 2415821771507310744}
  m_LocalRotation: {x: 0.34776533, y: -0, z: -0, w: 0.93758166}
  m_LocalPosition: {x: -2.8032696e-18, y: 0.10729705, z: -1.3499682e-16}
  m_LocalScale: {x: 1, y: 1, z: 1}
  m_Children:
  - {fileID: 4266245497146073684}
  m_Father: {fileID: 1093758125710682855}
  m_RootOrder: 0
  m_LocalEulerAnglesHint: {x: 0, y: 0, z: 0}
--- !u!1 &2471474980974395570
GameObject:
  m_ObjectHideFlags: 0
  m_CorrespondingSourceObject: {fileID: 0}
  m_PrefabInstance: {fileID: 0}
  m_PrefabAsset: {fileID: 0}
  serializedVersion: 6
  m_Component:
  - component: {fileID: 3814894416898335352}
  m_Layer: 0
  m_Name: J_hip_L
  m_TagString: Untagged
  m_Icon: {fileID: 0}
  m_NavMeshLayer: 0
  m_StaticEditorFlags: 0
  m_IsActive: 1
--- !u!4 &3814894416898335352
Transform:
  m_ObjectHideFlags: 0
  m_CorrespondingSourceObject: {fileID: 0}
  m_PrefabInstance: {fileID: 0}
  m_PrefabAsset: {fileID: 0}
  m_GameObject: {fileID: 2471474980974395570}
  m_LocalRotation: {x: 0, y: 0, z: 0.9994265, w: 0.033863887}
  m_LocalPosition: {x: -0.08086514, y: -0.04730081, z: 0}
  m_LocalScale: {x: 1, y: 1, z: 1}
  m_Children:
  - {fileID: 6570974333924300800}
  m_Father: {fileID: 2158779329251642687}
  m_RootOrder: 0
  m_LocalEulerAnglesHint: {x: 0, y: 0, z: 0}
--- !u!1773428102 &4782866947375363164
ParentConstraint:
  m_ObjectHideFlags: 0
  m_CorrespondingSourceObject: {fileID: 0}
  m_PrefabInstance: {fileID: 0}
  m_PrefabAsset: {fileID: 0}
  m_GameObject: {fileID: 3021775052642326255}
  m_Enabled: 1
  m_Weight: 1
  m_TranslationAtRest: {x: -0.001, y: 0.546, z: -0.096}
  m_RotationAtRest: {x: 33.589916, y: 53.438114, z: -18.69022}
  m_TranslationOffsets:
  - {x: 0.0024825335, y: 0.011489987, z: -0.102973044}
  m_RotationOffsets:
  - {x: 24.686893, y: 39.857132, z: -28.675293}
  m_AffectTranslationX: 1
  m_AffectTranslationY: 1
  m_AffectTranslationZ: 1
  m_AffectRotationX: 1
  m_AffectRotationY: 1
  m_AffectRotationZ: 1
  m_IsContraintActive: 1
  m_IsLocked: 1
  m_Sources:
  - sourceTransform: {fileID: 1718335457668017550}
    weight: 1
--- !u!1 &3431048423354003198
GameObject:
  m_ObjectHideFlags: 0
  m_CorrespondingSourceObject: {fileID: 0}
  m_PrefabInstance: {fileID: 0}
  m_PrefabAsset: {fileID: 0}
  serializedVersion: 6
  m_Component:
  - component: {fileID: 5706549018914640821}
  m_Layer: 0
  m_Name: J_hand3_L
  m_TagString: Untagged
  m_Icon: {fileID: 0}
  m_NavMeshLayer: 0
  m_StaticEditorFlags: 0
  m_IsActive: 1
--- !u!4 &5706549018914640821
Transform:
  m_ObjectHideFlags: 0
  m_CorrespondingSourceObject: {fileID: 0}
  m_PrefabInstance: {fileID: 0}
  m_PrefabAsset: {fileID: 0}
  m_GameObject: {fileID: 3431048423354003198}
  m_LocalRotation: {x: 0, y: -0, z: -0, w: 1}
  m_LocalPosition: {x: -1.4502288e-16, y: 0.038450148, z: -5.5835024e-32}
  m_LocalScale: {x: 1, y: 1, z: 1}
  m_Children: []
  m_Father: {fileID: 3712940277012166735}
  m_RootOrder: 0
  m_LocalEulerAnglesHint: {x: 0, y: 0, z: 0}
--- !u!1 &3518573818194659320
GameObject:
  m_ObjectHideFlags: 0
  m_CorrespondingSourceObject: {fileID: 0}
  m_PrefabInstance: {fileID: 0}
  m_PrefabAsset: {fileID: 0}
  serializedVersion: 6
  m_Component:
  - component: {fileID: 5670574698131653471}
  m_Layer: 0
  m_Name: J_hand3_R
  m_TagString: Untagged
  m_Icon: {fileID: 0}
  m_NavMeshLayer: 0
  m_StaticEditorFlags: 0
  m_IsActive: 1
--- !u!4 &5670574698131653471
Transform:
  m_ObjectHideFlags: 0
  m_CorrespondingSourceObject: {fileID: 0}
  m_PrefabInstance: {fileID: 0}
  m_PrefabAsset: {fileID: 0}
  m_GameObject: {fileID: 3518573818194659320}
  m_LocalRotation: {x: 0, y: -0, z: -0, w: 1}
  m_LocalPosition: {x: 0.00000028505187, y: -0.03844991, z: 0.0000000036156544}
  m_LocalScale: {x: 1, y: 1, z: 1}
  m_Children: []
  m_Father: {fileID: 1943314908650449269}
  m_RootOrder: 0
  m_LocalEulerAnglesHint: {x: 0, y: 0, z: 0}
--- !u!1 &3567150395926263756
GameObject:
  m_ObjectHideFlags: 0
  m_CorrespondingSourceObject: {fileID: 0}
  m_PrefabInstance: {fileID: 0}
  m_PrefabAsset: {fileID: 0}
  serializedVersion: 6
  m_Component:
  - component: {fileID: 1943314908650449269}
  m_Layer: 0
  m_Name: J_hand2_R
  m_TagString: Untagged
  m_Icon: {fileID: 0}
  m_NavMeshLayer: 0
  m_StaticEditorFlags: 0
  m_IsActive: 1
--- !u!4 &1943314908650449269
Transform:
  m_ObjectHideFlags: 0
  m_CorrespondingSourceObject: {fileID: 0}
  m_PrefabInstance: {fileID: 0}
  m_PrefabAsset: {fileID: 0}
  m_GameObject: {fileID: 3567150395926263756}
  m_LocalRotation: {x: 0.000000023557515, y: 0.0000000014054446, z: 0.016714593, w: 0.99986035}
  m_LocalPosition: {x: -0.0000009702843, y: -0.030570032, z: 0.0000000014343906}
  m_LocalScale: {x: 1, y: 1, z: 1}
  m_Children:
  - {fileID: 5670574698131653471}
  m_Father: {fileID: 4969341686213077929}
  m_RootOrder: 0
  m_LocalEulerAnglesHint: {x: 0, y: 0, z: 0}
--- !u!1 &3779021200375696075
GameObject:
  m_ObjectHideFlags: 0
  m_CorrespondingSourceObject: {fileID: 0}
  m_PrefabInstance: {fileID: 0}
  m_PrefabAsset: {fileID: 0}
  serializedVersion: 6
  m_Component:
  - component: {fileID: 7457144885719241987}
  m_Layer: 0
  m_Name: J_clavicle_L
  m_TagString: Untagged
  m_Icon: {fileID: 0}
  m_NavMeshLayer: 0
  m_StaticEditorFlags: 0
  m_IsActive: 1
--- !u!4 &7457144885719241987
Transform:
  m_ObjectHideFlags: 0
  m_CorrespondingSourceObject: {fileID: 0}
  m_PrefabInstance: {fileID: 0}
  m_PrefabAsset: {fileID: 0}
  m_GameObject: {fileID: 3779021200375696075}
  m_LocalRotation: {x: 0.00048619823, y: -0.0004479765, z: 0.67760843, w: 0.7354226}
  m_LocalPosition: {x: -0.06706905, y: 0.13698441, z: 0.00018112472}
  m_LocalScale: {x: 1, y: 1, z: 1}
  m_Children:
  - {fileID: 8613861099200817939}
  m_Father: {fileID: 1718335457668017550}
  m_RootOrder: 0
  m_LocalEulerAnglesHint: {x: 0, y: 0, z: 0}
--- !u!1 &3981195020478483460
GameObject:
  m_ObjectHideFlags: 0
  m_CorrespondingSourceObject: {fileID: 0}
  m_PrefabInstance: {fileID: 0}
  m_PrefabAsset: {fileID: 0}
  serializedVersion: 6
  m_Component:
  - component: {fileID: 2158779329251642687}
  m_Layer: 0
  m_Name: J_pelvis_L
  m_TagString: Untagged
  m_Icon: {fileID: 0}
  m_NavMeshLayer: 0
  m_StaticEditorFlags: 0
  m_IsActive: 1
--- !u!4 &2158779329251642687
Transform:
  m_ObjectHideFlags: 0
  m_CorrespondingSourceObject: {fileID: 0}
  m_PrefabInstance: {fileID: 0}
  m_PrefabAsset: {fileID: 0}
  m_GameObject: {fileID: 3981195020478483460}
  m_LocalRotation: {x: 0, y: -0, z: -0, w: 1}
  m_LocalPosition: {x: 0, y: 0.39821136, z: 0}
  m_LocalScale: {x: 1, y: 1, z: 1}
  m_Children:
  - {fileID: 3814894416898335352}
  - {fileID: 6669085388785150033}
  - {fileID: 1718335457668017550}
  - {fileID: 867579241033092766}
  m_Father: {fileID: 9149931394190838727}
  m_RootOrder: 1
  m_LocalEulerAnglesHint: {x: 0, y: 0, z: 0}
--- !u!1 &4123248745963861745
GameObject:
  m_ObjectHideFlags: 0
  m_CorrespondingSourceObject: {fileID: 0}
  m_PrefabInstance: {fileID: 0}
  m_PrefabAsset: {fileID: 0}
  serializedVersion: 6
  m_Component:
  - component: {fileID: 6563789397842755471}
  m_Layer: 0
  m_Name: J_ankle_L
  m_TagString: Untagged
  m_Icon: {fileID: 0}
  m_NavMeshLayer: 0
  m_StaticEditorFlags: 0
  m_IsActive: 1
--- !u!4 &6563789397842755471
Transform:
  m_ObjectHideFlags: 0
  m_CorrespondingSourceObject: {fileID: 0}
  m_PrefabInstance: {fileID: 0}
  m_PrefabAsset: {fileID: 0}
  m_GameObject: {fileID: 4123248745963861745}
  m_LocalRotation: {x: 0.61800456, y: 0.0061490675, z: 0.007823136, w: 0.78611153}
  m_LocalPosition: {x: -5.0626253e-15, y: 0.13748191, z: 0}
  m_LocalScale: {x: 1, y: 1, z: 1}
  m_Children:
  - {fileID: 7830986675902692132}
  m_Father: {fileID: 6570974333924300800}
  m_RootOrder: 0
  m_LocalEulerAnglesHint: {x: 0, y: 0, z: 0}
--- !u!1 &4204082477767005232
GameObject:
  m_ObjectHideFlags: 0
  m_CorrespondingSourceObject: {fileID: 0}
  m_PrefabInstance: {fileID: 0}
  m_PrefabAsset: {fileID: 0}
  serializedVersion: 6
  m_Component:
  - component: {fileID: 1969321960277332504}
  - component: {fileID: 3944760483180697119}
  m_Layer: 0
  m_Name: Fossoyeur
  m_TagString: Untagged
  m_Icon: {fileID: 0}
  m_NavMeshLayer: 0
  m_StaticEditorFlags: 0
  m_IsActive: 1
--- !u!4 &1969321960277332504
Transform:
  m_ObjectHideFlags: 0
  m_CorrespondingSourceObject: {fileID: 0}
  m_PrefabInstance: {fileID: 0}
  m_PrefabAsset: {fileID: 0}
  m_GameObject: {fileID: 4204082477767005232}
  m_LocalRotation: {x: 0, y: -0, z: -0, w: 1}
  m_LocalPosition: {x: -0, y: 0, z: 0}
  m_LocalScale: {x: 1, y: 1, z: 1}
  m_Children:
  - {fileID: 3424283641220609024}
  - {fileID: 6211095376423040059}
  - {fileID: 2857192471630941968}
  - {fileID: 8695216075650403170}
  m_Father: {fileID: 9149931394190838727}
  m_RootOrder: 0
  m_LocalEulerAnglesHint: {x: 0, y: 0, z: 0}
--- !u!137 &3944760483180697119
SkinnedMeshRenderer:
  m_ObjectHideFlags: 0
  m_CorrespondingSourceObject: {fileID: 0}
  m_PrefabInstance: {fileID: 0}
  m_PrefabAsset: {fileID: 0}
  m_GameObject: {fileID: 4204082477767005232}
  m_Enabled: 1
  m_CastShadows: 1
  m_ReceiveShadows: 1
  m_DynamicOccludee: 1
  m_MotionVectors: 1
  m_LightProbeUsage: 1
  m_ReflectionProbeUsage: 1
  m_RayTracingMode: 3
  m_RayTraceProcedural: 0
  m_RenderingLayerMask: 1
  m_RendererPriority: 0
  m_Materials:
  - {fileID: 2100000, guid: 67f3853b3fdfb8348bb115da805db084, type: 2}
  m_StaticBatchInfo:
    firstSubMesh: 0
    subMeshCount: 0
  m_StaticBatchRoot: {fileID: 0}
  m_ProbeAnchor: {fileID: 0}
  m_LightProbeVolumeOverride: {fileID: 0}
  m_ScaleInLightmap: 1
  m_ReceiveGI: 1
  m_PreserveUVs: 0
  m_IgnoreNormalsForChartDetection: 0
  m_ImportantGI: 0
  m_StitchLightmapSeams: 1
  m_SelectedEditorRenderState: 3
  m_MinimumChartSize: 4
  m_AutoUVMaxDistance: 0.5
  m_AutoUVMaxAngle: 89
  m_LightmapParameters: {fileID: 0}
  m_SortingLayerID: 0
  m_SortingLayer: 0
  m_SortingOrder: 0
  serializedVersion: 2
  m_Quality: 0
  m_UpdateWhenOffscreen: 0
  m_SkinnedMotionVectors: 1
  m_Mesh: {fileID: -6108181725119325824, guid: 5fd7622fcacc92546a4940c86c1d6193, type: 3}
  m_Bones:
  - {fileID: 2158779329251642687}
  - {fileID: 1718335457668017550}
  - {fileID: 500392377519865079}
  - {fileID: 5559563348087851500}
  - {fileID: 3675016689500445687}
  - {fileID: 1093758125710682855}
  - {fileID: 5694183324962757210}
  - {fileID: 4266245497146073684}
  - {fileID: 799083570918289573}
  - {fileID: 3825936536547392119}
  - {fileID: 7457144885719241987}
  - {fileID: 8613861099200817939}
  - {fileID: 1878588342149672242}
  - {fileID: 3650733355476765058}
  - {fileID: 7433430183172978783}
  - {fileID: 3712940277012166735}
  - {fileID: 5706549018914640821}
  - {fileID: 7908442477249381576}
  - {fileID: 3620160538691240825}
  - {fileID: 5306814683737514984}
  - {fileID: 2108405849767449997}
  - {fileID: 3227246162510646268}
  - {fileID: 1765745489679989687}
  - {fileID: 5034611473983668861}
  - {fileID: 4969341686213077929}
  - {fileID: 1943314908650449269}
  - {fileID: 5670574698131653471}
  - {fileID: 3478179451693642811}
  - {fileID: 5684132182051497540}
  - {fileID: 5962902881422445918}
  - {fileID: 3814894416898335352}
  - {fileID: 6570974333924300800}
  - {fileID: 6563789397842755471}
  - {fileID: 7830986675902692132}
  - {fileID: 6669085388785150033}
  - {fileID: 8806461960644282919}
  - {fileID: 6351289740053459448}
  - {fileID: 565003051786894724}
  m_BlendShapeWeights: []
  m_RootBone: {fileID: 2158779329251642687}
  m_AABB:
    m_Center: {x: 0, y: 0.20004782, z: -0.06981264}
    m_Extent: {x: 0.511472, y: 0.6334305, z: 0.4138617}
  m_DirtyAABB: 0
--- !u!1 &4301009161230180502
GameObject:
  m_ObjectHideFlags: 0
  m_CorrespondingSourceObject: {fileID: 0}
  m_PrefabInstance: {fileID: 0}
  m_PrefabAsset: {fileID: 0}
  serializedVersion: 6
  m_Component:
  - component: {fileID: 3227246162510646268}
  m_Layer: 0
  m_Name: J_shoulder_R
  m_TagString: Untagged
  m_Icon: {fileID: 0}
  m_NavMeshLayer: 0
  m_StaticEditorFlags: 0
  m_IsActive: 1
--- !u!4 &3227246162510646268
Transform:
  m_ObjectHideFlags: 0
  m_CorrespondingSourceObject: {fileID: 0}
  m_PrefabInstance: {fileID: 0}
  m_PrefabAsset: {fileID: 0}
  m_GameObject: {fileID: 4301009161230180502}
  m_LocalRotation: {x: 0.0000000105084075, y: 7.7179896e-10, z: 0.07324854, w: 0.99731374}
  m_LocalPosition: {x: -0.0000014868168, y: -0.058713768, z: 9.555318e-17}
  m_LocalScale: {x: 1, y: 1, z: 1}
  m_Children:
  - {fileID: 1765745489679989687}
  m_Father: {fileID: 2108405849767449997}
  m_RootOrder: 0
  m_LocalEulerAnglesHint: {x: 0, y: 0, z: 0}
--- !u!1773428102 &1839686776
ParentConstraint:
  m_ObjectHideFlags: 0
  m_CorrespondingSourceObject: {fileID: 0}
  m_PrefabInstance: {fileID: 0}
  m_PrefabAsset: {fileID: 0}
  m_GameObject: {fileID: 4377760572760644437}
  m_Enabled: 1
  m_Weight: 1
  m_TranslationAtRest: {x: 0.44099998, y: 0.615, z: 0.111000106}
  m_RotationAtRest: {x: 8.584873, y: 93.91451, z: 95.98496}
  m_TranslationOffsets:
  - {x: 0.040002286, y: -0.04356873, z: -0.11100016}
  m_RotationOffsets:
  - {x: 74.96117, y: 74.92085, z: -99.18534}
  m_AffectTranslationX: 1
  m_AffectTranslationY: 1
  m_AffectTranslationZ: 1
  m_AffectRotationX: 1
  m_AffectRotationY: 1
  m_AffectRotationZ: 1
  m_IsContraintActive: 1
  m_IsLocked: 1
  m_Sources:
  - sourceTransform: {fileID: 5034611473983668861}
    weight: 1
--- !u!1 &4389614058811924027
GameObject:
  m_ObjectHideFlags: 0
  m_CorrespondingSourceObject: {fileID: 0}
  m_PrefabInstance: {fileID: 0}
  m_PrefabAsset: {fileID: 0}
  serializedVersion: 6
  m_Component:
  - component: {fileID: 5306814683737514984}
  m_Layer: 0
  m_Name: J_thumb3_L
  m_TagString: Untagged
  m_Icon: {fileID: 0}
  m_NavMeshLayer: 0
  m_StaticEditorFlags: 0
  m_IsActive: 1
--- !u!4 &5306814683737514984
Transform:
  m_ObjectHideFlags: 0
  m_CorrespondingSourceObject: {fileID: 0}
  m_PrefabInstance: {fileID: 0}
  m_PrefabAsset: {fileID: 0}
  m_GameObject: {fileID: 4389614058811924027}
  m_LocalRotation: {x: 0, y: -0, z: -0, w: 1}
  m_LocalPosition: {x: 5.3863173e-17, y: 0.017036414, z: 5.20417e-19}
  m_LocalScale: {x: 1, y: 1, z: 1}
  m_Children: []
  m_Father: {fileID: 3620160538691240825}
  m_RootOrder: 0
  m_LocalEulerAnglesHint: {x: 0, y: 0, z: 0}
--- !u!1 &4641989099454192938
GameObject:
  m_ObjectHideFlags: 0
  m_CorrespondingSourceObject: {fileID: 0}
  m_PrefabInstance: {fileID: 0}
  m_PrefabAsset: {fileID: 0}
  serializedVersion: 6
  m_Component:
  - component: {fileID: 3675016689500445687}
  m_Layer: 0
  m_Name: J_headtop_L
  m_TagString: Untagged
  m_Icon: {fileID: 0}
  m_NavMeshLayer: 0
  m_StaticEditorFlags: 0
  m_IsActive: 1
--- !u!4 &3675016689500445687
Transform:
  m_ObjectHideFlags: 0
  m_CorrespondingSourceObject: {fileID: 0}
  m_PrefabInstance: {fileID: 0}
  m_PrefabAsset: {fileID: 0}
  m_GameObject: {fileID: 4641989099454192938}
  m_LocalRotation: {x: 0, y: -0, z: -0, w: 1}
  m_LocalPosition: {x: -9.4218486e-17, y: 0.3298057, z: 1.11022296e-17}
  m_LocalScale: {x: 1, y: 1, z: 1}
  m_Children: []
  m_Father: {fileID: 5559563348087851500}
  m_RootOrder: 1
  m_LocalEulerAnglesHint: {x: 0, y: 0, z: 0}
--- !u!1 &5296780903237241710
GameObject:
  m_ObjectHideFlags: 0
  m_CorrespondingSourceObject: {fileID: 0}
  m_PrefabInstance: {fileID: 0}
  m_PrefabAsset: {fileID: 0}
  serializedVersion: 6
  m_Component:
  - component: {fileID: 5818177872968246124}
  - component: {fileID: 5195412539189575291}
  m_Layer: 0
  m_Name: Aura Point Light
  m_TagString: Untagged
  m_Icon: {fileID: 0}
  m_NavMeshLayer: 0
  m_StaticEditorFlags: 0
  m_IsActive: 1
--- !u!4 &5818177872968246124
Transform:
  m_ObjectHideFlags: 0
  m_CorrespondingSourceObject: {fileID: 0}
  m_PrefabInstance: {fileID: 0}
  m_PrefabAsset: {fileID: 0}
  m_GameObject: {fileID: 5296780903237241710}
  m_LocalRotation: {x: 0, y: 0, z: 0, w: 1}
  m_LocalPosition: {x: 0, y: 0, z: 0}
  m_LocalScale: {x: 1, y: 1, z: 1}
  m_Children: []
  m_Father: {fileID: 867579241033092766}
  m_RootOrder: 1
  m_LocalEulerAnglesHint: {x: 0, y: 0, z: 0}
--- !u!108 &5195412539189575291
Light:
  m_ObjectHideFlags: 0
  m_CorrespondingSourceObject: {fileID: 0}
  m_PrefabInstance: {fileID: 0}
  m_PrefabAsset: {fileID: 0}
  m_GameObject: {fileID: 5296780903237241710}
  m_Enabled: 1
  serializedVersion: 10
  m_Type: 2
  m_Shape: 0
  m_Color: {r: 1, g: 0.6931372, b: 0.4470588, a: 1}
  m_Intensity: 1.5
  m_Range: 3
  m_SpotAngle: 30
  m_InnerSpotAngle: 21.80208
  m_CookieSize: 10
  m_Shadows:
    m_Type: 0
    m_Resolution: -1
    m_CustomResolution: -1
    m_Strength: 1
    m_Bias: 0.05
    m_NormalBias: 0.4
    m_NearPlane: 0.2
    m_CullingMatrixOverride:
      e00: 1
      e01: 0
      e02: 0
      e03: 0
      e10: 0
      e11: 1
      e12: 0
      e13: 0
      e20: 0
      e21: 0
      e22: 1
      e23: 0
      e30: 0
      e31: 0
      e32: 0
      e33: 1
    m_UseCullingMatrixOverride: 0
  m_Cookie: {fileID: 0}
  m_DrawHalo: 0
  m_Flare: {fileID: 0}
  m_RenderMode: 0
  m_CullingMask:
    serializedVersion: 2
    m_Bits: 4294967295
  m_RenderingLayerMask: 1
  m_Lightmapping: 1
  m_LightShadowCasterMode: 0
  m_AreaSize: {x: 1, y: 1}
  m_BounceIntensity: 1
  m_ColorTemperature: 6570
  m_UseColorTemperature: 0
  m_BoundingSphereOverride: {x: 0, y: 0, z: 0, w: 0}
  m_UseBoundingSphereOverride: 0
  m_ShadowRadius: 0
  m_ShadowAngle: 0
--- !u!1 &5305748957701883902
GameObject:
  m_ObjectHideFlags: 0
  m_CorrespondingSourceObject: {fileID: 0}
  m_PrefabInstance: {fileID: 0}
  m_PrefabAsset: {fileID: 0}
  serializedVersion: 6
  m_Component:
  - component: {fileID: 5559563348087851500}
  m_Layer: 0
  m_Name: J_head_L
  m_TagString: Untagged
  m_Icon: {fileID: 0}
  m_NavMeshLayer: 0
  m_StaticEditorFlags: 0
  m_IsActive: 1
--- !u!4 &5559563348087851500
Transform:
  m_ObjectHideFlags: 0
  m_CorrespondingSourceObject: {fileID: 0}
  m_PrefabInstance: {fileID: 0}
  m_PrefabAsset: {fileID: 0}
  m_GameObject: {fileID: 5305748957701883902}
  m_LocalRotation: {x: -0.023839809, y: 0, z: -0, w: 0.9997158}
  m_LocalPosition: {x: -6.1960744e-19, y: 0.066752516, z: 5.1347812e-17}
  m_LocalScale: {x: 1, y: 1, z: 1}
  m_Children:
  - {fileID: 1093758125710682855}
  - {fileID: 3675016689500445687}
  m_Father: {fileID: 500392377519865079}
  m_RootOrder: 0
  m_LocalEulerAnglesHint: {x: 0, y: 0, z: 0}
--- !u!1 &5332469587745940243
GameObject:
  m_ObjectHideFlags: 0
  m_CorrespondingSourceObject: {fileID: 0}
  m_PrefabInstance: {fileID: 0}
  m_PrefabAsset: {fileID: 0}
  serializedVersion: 6
  m_Component:
  - component: {fileID: 7908442477249381576}
  m_Layer: 0
  m_Name: J_thumb1_L
  m_TagString: Untagged
  m_Icon: {fileID: 0}
  m_NavMeshLayer: 0
  m_StaticEditorFlags: 0
  m_IsActive: 1
--- !u!4 &7908442477249381576
Transform:
  m_ObjectHideFlags: 0
  m_CorrespondingSourceObject: {fileID: 0}
  m_PrefabInstance: {fileID: 0}
  m_PrefabAsset: {fileID: 0}
  m_GameObject: {fileID: 5332469587745940243}
  m_LocalRotation: {x: -6.398154e-17, y: 0, z: 0.12314693, w: 0.9923885}
  m_LocalPosition: {x: -0.028137686, y: 0.034853246, z: 0.018064165}
  m_LocalScale: {x: 1, y: 1, z: 1}
  m_Children:
  - {fileID: 3620160538691240825}
  m_Father: {fileID: 3650733355476765058}
  m_RootOrder: 1
  m_LocalEulerAnglesHint: {x: 0, y: 0, z: 0}
--- !u!1 &5351779017410500700
GameObject:
  m_ObjectHideFlags: 0
  m_CorrespondingSourceObject: {fileID: 0}
  m_PrefabInstance: {fileID: 0}
  m_PrefabAsset: {fileID: 0}
  serializedVersion: 6
  m_Component:
  - component: {fileID: 7830986675902692132}
  m_Layer: 0
  m_Name: J_toe_L
  m_TagString: Untagged
  m_Icon: {fileID: 0}
  m_NavMeshLayer: 0
  m_StaticEditorFlags: 0
  m_IsActive: 1
--- !u!4 &7830986675902692132
Transform:
  m_ObjectHideFlags: 0
  m_CorrespondingSourceObject: {fileID: 0}
  m_PrefabInstance: {fileID: 0}
  m_PrefabAsset: {fileID: 0}
  m_GameObject: {fileID: 5351779017410500700}
  m_LocalRotation: {x: 0, y: -0, z: -0, w: 1}
  m_LocalPosition: {x: 3.2942909e-16, y: 0.10957534, z: 4.4408918e-17}
  m_LocalScale: {x: 1, y: 1, z: 1}
  m_Children: []
  m_Father: {fileID: 6563789397842755471}
  m_RootOrder: 0
  m_LocalEulerAnglesHint: {x: 0, y: 0, z: 0}
--- !u!1 &5513805216573528734
GameObject:
  m_ObjectHideFlags: 0
  m_CorrespondingSourceObject: {fileID: 0}
  m_PrefabInstance: {fileID: 0}
  m_PrefabAsset: {fileID: 0}
  serializedVersion: 6
  m_Component:
  - component: {fileID: 2857192471630941968}
  - component: {fileID: 6439313931035883175}
  m_Layer: 0
  m_Name: Potion_1
  m_TagString: Untagged
  m_Icon: {fileID: 0}
  m_NavMeshLayer: 0
  m_StaticEditorFlags: 0
  m_IsActive: 1
--- !u!4 &2857192471630941968
Transform:
  m_ObjectHideFlags: 0
  m_CorrespondingSourceObject: {fileID: 0}
  m_PrefabInstance: {fileID: 0}
  m_PrefabAsset: {fileID: 0}
  m_GameObject: {fileID: 5513805216573528734}
  m_LocalRotation: {x: 0, y: -0, z: -0, w: 1}
  m_LocalPosition: {x: -0, y: 0, z: 0}
  m_LocalScale: {x: 1, y: 1, z: 1}
  m_Children: []
  m_Father: {fileID: 1969321960277332504}
  m_RootOrder: 2
  m_LocalEulerAnglesHint: {x: 0, y: 0, z: 0}
--- !u!137 &6439313931035883175
SkinnedMeshRenderer:
  m_ObjectHideFlags: 0
  m_CorrespondingSourceObject: {fileID: 0}
  m_PrefabInstance: {fileID: 0}
  m_PrefabAsset: {fileID: 0}
  m_GameObject: {fileID: 5513805216573528734}
  m_Enabled: 1
  m_CastShadows: 1
  m_ReceiveShadows: 1
  m_DynamicOccludee: 1
  m_MotionVectors: 1
  m_LightProbeUsage: 1
  m_ReflectionProbeUsage: 1
  m_RayTracingMode: 3
  m_RayTraceProcedural: 0
  m_RenderingLayerMask: 1
  m_RendererPriority: 0
  m_Materials:
  - {fileID: 2100000, guid: 67f3853b3fdfb8348bb115da805db084, type: 2}
  m_StaticBatchInfo:
    firstSubMesh: 0
    subMeshCount: 0
  m_StaticBatchRoot: {fileID: 0}
  m_ProbeAnchor: {fileID: 0}
  m_LightProbeVolumeOverride: {fileID: 0}
  m_ScaleInLightmap: 1
  m_ReceiveGI: 1
  m_PreserveUVs: 0
  m_IgnoreNormalsForChartDetection: 0
  m_ImportantGI: 0
  m_StitchLightmapSeams: 1
  m_SelectedEditorRenderState: 3
  m_MinimumChartSize: 4
  m_AutoUVMaxDistance: 0.5
  m_AutoUVMaxAngle: 89
  m_LightmapParameters: {fileID: 0}
  m_SortingLayerID: 0
  m_SortingLayer: 0
  m_SortingOrder: 0
  serializedVersion: 2
  m_Quality: 0
  m_UpdateWhenOffscreen: 0
  m_SkinnedMotionVectors: 1
  m_Mesh: {fileID: 2627032154218774748, guid: 5fd7622fcacc92546a4940c86c1d6193, type: 3}
  m_Bones:
  - {fileID: 2158779329251642687}
  - {fileID: 1718335457668017550}
  - {fileID: 2108405849767449997}
  - {fileID: 3227246162510646268}
  - {fileID: 3814894416898335352}
  - {fileID: 6669085388785150033}
  - {fileID: 8806461960644282919}
  m_BlendShapeWeights: []
  m_RootBone: {fileID: 2158779329251642687}
  m_AABB:
    m_Center: {x: 0.15222454, y: -0.019018427, z: 0.03057364}
    m_Extent: {x: 0.02581118, y: 0.057927474, z: 0.0298042}
  m_DirtyAABB: 0
--- !u!1 &5532116014940055422
GameObject:
  m_ObjectHideFlags: 0
  m_CorrespondingSourceObject: {fileID: 0}
  m_PrefabInstance: {fileID: 0}
  m_PrefabAsset: {fileID: 0}
  serializedVersion: 6
  m_Component:
  - component: {fileID: 2108405849767449997}
  m_Layer: 0
  m_Name: J_clavicle_R
  m_TagString: Untagged
  m_Icon: {fileID: 0}
  m_NavMeshLayer: 0
  m_StaticEditorFlags: 0
  m_IsActive: 1
--- !u!4 &2108405849767449997
Transform:
  m_ObjectHideFlags: 0
  m_CorrespondingSourceObject: {fileID: 0}
  m_PrefabInstance: {fileID: 0}
  m_PrefabAsset: {fileID: 0}
  m_GameObject: {fileID: 5532116014940055422}
  m_LocalRotation: {x: 0.7354226, y: -0.67760843, z: -0.0004479765, w: -0.00048619823}
  m_LocalPosition: {x: 0.067068994, y: 0.13698359, z: 0.00018112364}
  m_LocalScale: {x: 1, y: 1, z: 1}
  m_Children:
  - {fileID: 3227246162510646268}
  m_Father: {fileID: 1718335457668017550}
  m_RootOrder: 1
  m_LocalEulerAnglesHint: {x: 0, y: 0, z: 0}
--- !u!1 &5586158166533680260
GameObject:
  m_ObjectHideFlags: 0
  m_CorrespondingSourceObject: {fileID: 0}
  m_PrefabInstance: {fileID: 0}
  m_PrefabAsset: {fileID: 0}
  serializedVersion: 6
  m_Component:
  - component: {fileID: 3650733355476765058}
  m_Layer: 0
  m_Name: J_wrist_L
  m_TagString: Untagged
  m_Icon: {fileID: 0}
  m_NavMeshLayer: 0
  m_StaticEditorFlags: 0
  m_IsActive: 1
--- !u!4 &3650733355476765058
Transform:
  m_ObjectHideFlags: 0
  m_CorrespondingSourceObject: {fileID: 0}
  m_PrefabInstance: {fileID: 0}
  m_PrefabAsset: {fileID: 0}
  m_GameObject: {fileID: 5586158166533680260}
  m_LocalRotation: {x: -0.002554851, y: 0.15797323, z: -0.08626989, w: 0.98366433}
  m_LocalPosition: {x: 6.0087533e-18, y: 0.121179655, z: -1.9118778e-31}
  m_LocalScale: {x: 1, y: 1, z: 1}
  m_Children:
  - {fileID: 7433430183172978783}
  - {fileID: 7908442477249381576}
  m_Father: {fileID: 1878588342149672242}
  m_RootOrder: 0
  m_LocalEulerAnglesHint: {x: 0, y: 0, z: 0}
--- !u!1 &5731844442758825110
GameObject:
  m_ObjectHideFlags: 0
  m_CorrespondingSourceObject: {fileID: 0}
  m_PrefabInstance: {fileID: 0}
  m_PrefabAsset: {fileID: 0}
  serializedVersion: 6
  m_Component:
  - component: {fileID: 8613861099200817939}
  m_Layer: 0
  m_Name: J_shoulder_L
  m_TagString: Untagged
  m_Icon: {fileID: 0}
  m_NavMeshLayer: 0
  m_StaticEditorFlags: 0
  m_IsActive: 1
--- !u!4 &8613861099200817939
Transform:
  m_ObjectHideFlags: 0
  m_CorrespondingSourceObject: {fileID: 0}
  m_PrefabInstance: {fileID: 0}
  m_PrefabAsset: {fileID: 0}
  m_GameObject: {fileID: 5731844442758825110}
  m_LocalRotation: {x: 0, y: 0, z: 0.07324854, w: 0.99731374}
  m_LocalPosition: {x: 7.0776716e-17, y: 0.058713503, z: 4.6151547e-20}
  m_LocalScale: {x: 1, y: 1, z: 1}
  m_Children:
  - {fileID: 1878588342149672242}
  m_Father: {fileID: 7457144885719241987}
  m_RootOrder: 0
  m_LocalEulerAnglesHint: {x: 0, y: 0, z: 0}
--- !u!1 &5744746011672363240
GameObject:
  m_ObjectHideFlags: 0
  m_CorrespondingSourceObject: {fileID: 0}
  m_PrefabInstance: {fileID: 0}
  m_PrefabAsset: {fileID: 0}
  serializedVersion: 6
  m_Component:
  - component: {fileID: 3620160538691240825}
  m_Layer: 0
  m_Name: J_thumb2_L
  m_TagString: Untagged
  m_Icon: {fileID: 0}
  m_NavMeshLayer: 0
  m_StaticEditorFlags: 0
  m_IsActive: 1
--- !u!4 &3620160538691240825
Transform:
  m_ObjectHideFlags: 0
  m_CorrespondingSourceObject: {fileID: 0}
  m_PrefabInstance: {fileID: 0}
  m_PrefabAsset: {fileID: 0}
  m_GameObject: {fileID: 5744746011672363240}
  m_LocalRotation: {x: 0.0040124524, y: -0.00022080632, z: -0.054946687, w: 0.9984812}
  m_LocalPosition: {x: -9.6103677e-17, y: 0.021856664, z: -9.219204e-32}
  m_LocalScale: {x: 1, y: 1, z: 1}
  m_Children:
  - {fileID: 5306814683737514984}
  m_Father: {fileID: 7908442477249381576}
  m_RootOrder: 0
  m_LocalEulerAnglesHint: {x: 0, y: 0, z: 0}
--- !u!1 &6410254533154430304
GameObject:
  m_ObjectHideFlags: 0
  m_CorrespondingSourceObject: {fileID: 0}
  m_PrefabInstance: {fileID: 0}
  m_PrefabAsset: {fileID: 0}
  serializedVersion: 6
  m_Component:
  - component: {fileID: 8695216075650403170}
  - component: {fileID: 7829128436229483374}
  m_Layer: 0
  m_Name: Potion_3
  m_TagString: Untagged
  m_Icon: {fileID: 0}
  m_NavMeshLayer: 0
  m_StaticEditorFlags: 0
  m_IsActive: 1
--- !u!4 &8695216075650403170
Transform:
  m_ObjectHideFlags: 0
  m_CorrespondingSourceObject: {fileID: 0}
  m_PrefabInstance: {fileID: 0}
  m_PrefabAsset: {fileID: 0}
  m_GameObject: {fileID: 6410254533154430304}
  m_LocalRotation: {x: 0, y: -0, z: -0, w: 1}
  m_LocalPosition: {x: -0, y: 0, z: 0}
  m_LocalScale: {x: 1, y: 1, z: 1}
  m_Children: []
  m_Father: {fileID: 1969321960277332504}
  m_RootOrder: 3
  m_LocalEulerAnglesHint: {x: 0, y: 0, z: 0}
--- !u!137 &7829128436229483374
SkinnedMeshRenderer:
  m_ObjectHideFlags: 0
  m_CorrespondingSourceObject: {fileID: 0}
  m_PrefabInstance: {fileID: 0}
  m_PrefabAsset: {fileID: 0}
  m_GameObject: {fileID: 6410254533154430304}
  m_Enabled: 1
  m_CastShadows: 1
  m_ReceiveShadows: 1
  m_DynamicOccludee: 1
  m_MotionVectors: 1
  m_LightProbeUsage: 1
  m_ReflectionProbeUsage: 1
  m_RayTracingMode: 3
  m_RayTraceProcedural: 0
  m_RenderingLayerMask: 1
  m_RendererPriority: 0
  m_Materials:
  - {fileID: 2100000, guid: 67f3853b3fdfb8348bb115da805db084, type: 2}
  m_StaticBatchInfo:
    firstSubMesh: 0
    subMeshCount: 0
  m_StaticBatchRoot: {fileID: 0}
  m_ProbeAnchor: {fileID: 0}
  m_LightProbeVolumeOverride: {fileID: 0}
  m_ScaleInLightmap: 1
  m_ReceiveGI: 1
  m_PreserveUVs: 0
  m_IgnoreNormalsForChartDetection: 0
  m_ImportantGI: 0
  m_StitchLightmapSeams: 1
  m_SelectedEditorRenderState: 3
  m_MinimumChartSize: 4
  m_AutoUVMaxDistance: 0.5
  m_AutoUVMaxAngle: 89
  m_LightmapParameters: {fileID: 0}
  m_SortingLayerID: 0
  m_SortingLayer: 0
  m_SortingOrder: 0
  serializedVersion: 2
  m_Quality: 0
  m_UpdateWhenOffscreen: 0
  m_SkinnedMotionVectors: 1
  m_Mesh: {fileID: 3434748373133766870, guid: 5fd7622fcacc92546a4940c86c1d6193, type: 3}
  m_Bones:
  - {fileID: 2158779329251642687}
  - {fileID: 1718335457668017550}
  - {fileID: 2108405849767449997}
  - {fileID: 3227246162510646268}
  - {fileID: 3814894416898335352}
  - {fileID: 6669085388785150033}
  - {fileID: 8806461960644282919}
  m_BlendShapeWeights: []
  m_RootBone: {fileID: 2158779329251642687}
  m_AABB:
    m_Center: {x: 0.12870961, y: -0.015739381, z: 0.07026806}
    m_Extent: {x: 0.010975584, y: 0.05765608, z: 0.012673542}
  m_DirtyAABB: 0
--- !u!1 &6590560090059496456
GameObject:
  m_ObjectHideFlags: 0
  m_CorrespondingSourceObject: {fileID: 0}
  m_PrefabInstance: {fileID: 0}
  m_PrefabAsset: {fileID: 0}
  serializedVersion: 6
  m_Component:
  - component: {fileID: 565003051786894724}
  m_Layer: 0
  m_Name: J_toe_R
  m_TagString: Untagged
  m_Icon: {fileID: 0}
  m_NavMeshLayer: 0
  m_StaticEditorFlags: 0
  m_IsActive: 1
--- !u!4 &565003051786894724
Transform:
  m_ObjectHideFlags: 0
  m_CorrespondingSourceObject: {fileID: 0}
  m_PrefabInstance: {fileID: 0}
  m_PrefabAsset: {fileID: 0}
  m_GameObject: {fileID: 6590560090059496456}
  m_LocalRotation: {x: 0, y: -0, z: -0, w: 1}
  m_LocalPosition: {x: 0.000000037076877, y: -0.10957529, z: 0.0000000066894326}
  m_LocalScale: {x: 1, y: 1, z: 1}
  m_Children: []
  m_Father: {fileID: 6351289740053459448}
  m_RootOrder: 0
  m_LocalEulerAnglesHint: {x: 0, y: 0, z: 0}
--- !u!1 &6879680268670165288
GameObject:
  m_ObjectHideFlags: 0
  m_CorrespondingSourceObject: {fileID: 0}
  m_PrefabInstance: {fileID: 0}
  m_PrefabAsset: {fileID: 0}
  serializedVersion: 6
  m_Component:
  - component: {fileID: 6351289740053459448}
  m_Layer: 0
  m_Name: J_ankle_R
  m_TagString: Untagged
  m_Icon: {fileID: 0}
  m_NavMeshLayer: 0
  m_StaticEditorFlags: 0
  m_IsActive: 1
--- !u!4 &6351289740053459448
Transform:
  m_ObjectHideFlags: 0
  m_CorrespondingSourceObject: {fileID: 0}
  m_PrefabInstance: {fileID: 0}
  m_PrefabAsset: {fileID: 0}
  m_GameObject: {fileID: 6879680268670165288}
  m_LocalRotation: {x: 0.6097105, y: 0.006447684, z: 0.008381248, w: 0.79255366}
  m_LocalPosition: {x: -0.00000006021419, y: -0.13748197, z: 1.6836677e-17}
  m_LocalScale: {x: 1, y: 1, z: 1}
  m_Children:
  - {fileID: 565003051786894724}
  m_Father: {fileID: 8806461960644282919}
  m_RootOrder: 0
  m_LocalEulerAnglesHint: {x: 0, y: 0, z: 0}
--- !u!1 &7135945265870354214
GameObject:
  m_ObjectHideFlags: 0
  m_CorrespondingSourceObject: {fileID: 0}
  m_PrefabInstance: {fileID: 0}
  m_PrefabAsset: {fileID: 0}
  serializedVersion: 6
  m_Component:
  - component: {fileID: 5684132182051497540}
  m_Layer: 0
  m_Name: J_thumb2_R
  m_TagString: Untagged
  m_Icon: {fileID: 0}
  m_NavMeshLayer: 0
  m_StaticEditorFlags: 0
  m_IsActive: 1
--- !u!4 &5684132182051497540
Transform:
  m_ObjectHideFlags: 0
  m_CorrespondingSourceObject: {fileID: 0}
  m_PrefabInstance: {fileID: 0}
  m_PrefabAsset: {fileID: 0}
  m_GameObject: {fileID: 7135945265870354214}
  m_LocalRotation: {x: 0.0040124315, y: -0.00022080666, z: -0.054946687, w: 0.9984812}
  m_LocalPosition: {x: -0.0000006049731, y: -0.02185584, z: 9.242183e-10}
  m_LocalScale: {x: 1, y: 1, z: 1}
  m_Children:
  - {fileID: 5962902881422445918}
  m_Father: {fileID: 3478179451693642811}
  m_RootOrder: 0
  m_LocalEulerAnglesHint: {x: 0, y: 0, z: 0}
--- !u!1 &7413464516522057601
GameObject:
  m_ObjectHideFlags: 0
  m_CorrespondingSourceObject: {fileID: 0}
  m_PrefabInstance: {fileID: 0}
  m_PrefabAsset: {fileID: 0}
  serializedVersion: 6
  m_Component:
  - component: {fileID: 1093758125710682855}
  m_Layer: 0
  m_Name: J_hat1
  m_TagString: Untagged
  m_Icon: {fileID: 0}
  m_NavMeshLayer: 0
  m_StaticEditorFlags: 0
  m_IsActive: 1
--- !u!4 &1093758125710682855
Transform:
  m_ObjectHideFlags: 0
  m_CorrespondingSourceObject: {fileID: 0}
  m_PrefabInstance: {fileID: 0}
  m_PrefabAsset: {fileID: 0}
  m_GameObject: {fileID: 7413464516522057601}
  m_LocalRotation: {x: -4.857729e-17, y: -0.62716144, z: 0.7788893, w: 3.9500525e-17}
  m_LocalPosition: {x: -2.674651e-17, y: 0.15066025, z: -0.09653888}
  m_LocalScale: {x: 1, y: 1, z: 1}
  m_Children:
  - {fileID: 5694183324962757210}
  m_Father: {fileID: 5559563348087851500}
  m_RootOrder: 0
  m_LocalEulerAnglesHint: {x: 0, y: 0, z: 0}
--- !u!1 &7679405552754451055
GameObject:
  m_ObjectHideFlags: 0
  m_CorrespondingSourceObject: {fileID: 0}
  m_PrefabInstance: {fileID: 0}
  m_PrefabAsset: {fileID: 0}
  serializedVersion: 6
  m_Component:
  - component: {fileID: 5034611473983668861}
  m_Layer: 0
  m_Name: J_wrist_R
  m_TagString: Untagged
  m_Icon: {fileID: 0}
  m_NavMeshLayer: 0
  m_StaticEditorFlags: 0
  m_IsActive: 1
--- !u!4 &5034611473983668861
Transform:
  m_ObjectHideFlags: 0
  m_CorrespondingSourceObject: {fileID: 0}
  m_PrefabInstance: {fileID: 0}
  m_PrefabAsset: {fileID: 0}
  m_GameObject: {fileID: 7679405552754451055}
  m_LocalRotation: {x: -0.0000000104964215, y: -8.53204e-10, z: -0.08736721, w: 0.9961762}
  m_LocalPosition: {x: 0.0000002849882, y: -0.12117997, z: 0.0000000025536238}
  m_LocalScale: {x: 1, y: 1, z: 1}
  m_Children:
  - {fileID: 4969341686213077929}
  - {fileID: 3478179451693642811}
  m_Father: {fileID: 1765745489679989687}
  m_RootOrder: 0
  m_LocalEulerAnglesHint: {x: 0, y: 0, z: 0}
--- !u!1 &7820933215730216098
GameObject:
  m_ObjectHideFlags: 0
  m_CorrespondingSourceObject: {fileID: 0}
  m_PrefabInstance: {fileID: 0}
  m_PrefabAsset: {fileID: 0}
  serializedVersion: 6
  m_Component:
  - component: {fileID: 6669085388785150033}
  m_Layer: 0
  m_Name: J_hip_R
  m_TagString: Untagged
  m_Icon: {fileID: 0}
  m_NavMeshLayer: 0
  m_StaticEditorFlags: 0
  m_IsActive: 1
--- !u!4 &6669085388785150033
Transform:
  m_ObjectHideFlags: 0
  m_CorrespondingSourceObject: {fileID: 0}
  m_PrefabInstance: {fileID: 0}
  m_PrefabAsset: {fileID: 0}
  m_GameObject: {fileID: 7820933215730216098}
  m_LocalRotation: {x: -0.033863887, y: 0.9994265, z: -6.132874e-17, w: -1.8078469e-18}
  m_LocalPosition: {x: 0.0808652, y: -0.04730139, z: 0}
  m_LocalScale: {x: 1, y: 1, z: 1}
  m_Children:
  - {fileID: 8806461960644282919}
  m_Father: {fileID: 2158779329251642687}
  m_RootOrder: 1
  m_LocalEulerAnglesHint: {x: 0, y: 0, z: 0}
--- !u!1 &8018520455381401570
GameObject:
  m_ObjectHideFlags: 0
  m_CorrespondingSourceObject: {fileID: 0}
  m_PrefabInstance: {fileID: 0}
  m_PrefabAsset: {fileID: 0}
  serializedVersion: 6
  m_Component:
  - component: {fileID: 1878588342149672242}
  m_Layer: 0
  m_Name: J_elbow_L
  m_TagString: Untagged
  m_Icon: {fileID: 0}
  m_NavMeshLayer: 0
  m_StaticEditorFlags: 0
  m_IsActive: 1
--- !u!4 &1878588342149672242
Transform:
  m_ObjectHideFlags: 0
  m_CorrespondingSourceObject: {fileID: 0}
  m_PrefabInstance: {fileID: 0}
  m_PrefabAsset: {fileID: 0}
  m_GameObject: {fileID: 8018520455381401570}
  m_LocalRotation: {x: 0, y: 0, z: 0.0032317133, w: 0.9999948}
  m_LocalPosition: {x: -1.1134816e-16, y: 0.14804322, z: -2.33571e-31}
  m_LocalScale: {x: 1, y: 1, z: 1}
  m_Children:
  - {fileID: 3650733355476765058}
  m_Father: {fileID: 8613861099200817939}
  m_RootOrder: 0
  m_LocalEulerAnglesHint: {x: 0, y: 0, z: 0}
--- !u!1 &8112035799649547348
GameObject:
  m_ObjectHideFlags: 0
  m_CorrespondingSourceObject: {fileID: 0}
  m_PrefabInstance: {fileID: 0}
  m_PrefabAsset: {fileID: 0}
  serializedVersion: 6
  m_Component:
  - component: {fileID: 3424283641220609024}
  - component: {fileID: 7510163620724420362}
  m_Layer: 0
  m_Name: Ail
  m_TagString: Untagged
  m_Icon: {fileID: 0}
  m_NavMeshLayer: 0
  m_StaticEditorFlags: 0
  m_IsActive: 1
--- !u!4 &3424283641220609024
Transform:
  m_ObjectHideFlags: 0
  m_CorrespondingSourceObject: {fileID: 0}
  m_PrefabInstance: {fileID: 0}
  m_PrefabAsset: {fileID: 0}
  m_GameObject: {fileID: 8112035799649547348}
  m_LocalRotation: {x: 0, y: -0, z: -0, w: 1}
  m_LocalPosition: {x: -0, y: 0, z: 0}
  m_LocalScale: {x: 1, y: 1, z: 1}
  m_Children: []
  m_Father: {fileID: 1969321960277332504}
  m_RootOrder: 0
  m_LocalEulerAnglesHint: {x: 0, y: 0, z: 0}
--- !u!137 &7510163620724420362
SkinnedMeshRenderer:
  m_ObjectHideFlags: 0
  m_CorrespondingSourceObject: {fileID: 0}
  m_PrefabInstance: {fileID: 0}
  m_PrefabAsset: {fileID: 0}
  m_GameObject: {fileID: 8112035799649547348}
  m_Enabled: 1
  m_CastShadows: 1
  m_ReceiveShadows: 1
  m_DynamicOccludee: 1
  m_MotionVectors: 1
  m_LightProbeUsage: 1
  m_ReflectionProbeUsage: 1
  m_RayTracingMode: 3
  m_RayTraceProcedural: 0
  m_RenderingLayerMask: 1
  m_RendererPriority: 0
  m_Materials:
  - {fileID: 2100000, guid: 67f3853b3fdfb8348bb115da805db084, type: 2}
  m_StaticBatchInfo:
    firstSubMesh: 0
    subMeshCount: 0
  m_StaticBatchRoot: {fileID: 0}
  m_ProbeAnchor: {fileID: 0}
  m_LightProbeVolumeOverride: {fileID: 0}
  m_ScaleInLightmap: 1
  m_ReceiveGI: 1
  m_PreserveUVs: 0
  m_IgnoreNormalsForChartDetection: 0
  m_ImportantGI: 0
  m_StitchLightmapSeams: 1
  m_SelectedEditorRenderState: 3
  m_MinimumChartSize: 4
  m_AutoUVMaxDistance: 0.5
  m_AutoUVMaxAngle: 89
  m_LightmapParameters: {fileID: 0}
  m_SortingLayerID: 0
  m_SortingLayer: 0
  m_SortingOrder: 0
  serializedVersion: 2
  m_Quality: 0
  m_UpdateWhenOffscreen: 0
  m_SkinnedMotionVectors: 1
  m_Mesh: {fileID: 941203509245486875, guid: 5fd7622fcacc92546a4940c86c1d6193, type: 3}
  m_Bones:
  - {fileID: 2158779329251642687}
  - {fileID: 1718335457668017550}
  - {fileID: 3814894416898335352}
  - {fileID: 6570974333924300800}
  - {fileID: 6669085388785150033}
  - {fileID: 8806461960644282919}
  m_BlendShapeWeights: []
  m_RootBone: {fileID: 2158779329251642687}
  m_AABB:
    m_Center: {x: -0.095308766, y: -0.044189647, z: -0.0709992}
    m_Extent: {x: 0.027601197, y: 0.047239557, z: 0.024992622}
  m_DirtyAABB: 0
--- !u!1 &8275357279456317921
GameObject:
  m_ObjectHideFlags: 0
  m_CorrespondingSourceObject: {fileID: 0}
  m_PrefabInstance: {fileID: 0}
  m_PrefabAsset: {fileID: 0}
  serializedVersion: 6
  m_Component:
  - component: {fileID: 1718335457668017550}
  m_Layer: 0
  m_Name: J_spine_L
  m_TagString: Untagged
  m_Icon: {fileID: 0}
  m_NavMeshLayer: 0
  m_StaticEditorFlags: 0
  m_IsActive: 1
--- !u!4 &1718335457668017550
Transform:
  m_ObjectHideFlags: 0
  m_CorrespondingSourceObject: {fileID: 0}
  m_PrefabInstance: {fileID: 0}
  m_PrefabAsset: {fileID: 0}
  m_GameObject: {fileID: 8275357279456317921}
  m_LocalRotation: {x: -0.000661114, y: 0, z: -0, w: 0.9999998}
  m_LocalPosition: {x: -0, y: 0.122132875, z: 0}
  m_LocalScale: {x: 1, y: 1, z: 1}
  m_Children:
  - {fileID: 7457144885719241987}
  - {fileID: 2108405849767449997}
  - {fileID: 500392377519865079}
  m_Father: {fileID: 2158779329251642687}
  m_RootOrder: 2
  m_LocalEulerAnglesHint: {x: 0, y: 0, z: 0}
--- !u!1 &8480496572575043965
GameObject:
  m_ObjectHideFlags: 0
  m_CorrespondingSourceObject: {fileID: 0}
  m_PrefabInstance: {fileID: 0}
  m_PrefabAsset: {fileID: 0}
  serializedVersion: 6
  m_Component:
  - component: {fileID: 9149931394190838727}
  - component: {fileID: 91737062345244559}
  - component: {fileID: 2179582725414007754}
  m_Layer: 0
  m_Name: Fossoyeur
  m_TagString: Untagged
  m_Icon: {fileID: 0}
  m_NavMeshLayer: 0
  m_StaticEditorFlags: 0
  m_IsActive: 1
--- !u!4 &9149931394190838727
Transform:
  m_ObjectHideFlags: 0
  m_CorrespondingSourceObject: {fileID: 0}
  m_PrefabInstance: {fileID: 0}
  m_PrefabAsset: {fileID: 0}
  m_GameObject: {fileID: 8480496572575043965}
  m_LocalRotation: {x: 0, y: 0.98950565, z: 0, w: 0.14449441}
  m_LocalPosition: {x: -2.0056024, y: 0.5, z: -0.09691477}
  m_LocalScale: {x: 1, y: 1, z: 1}
  m_Children:
  - {fileID: 1969321960277332504}
  - {fileID: 2158779329251642687}
  - {fileID: 2496208925763980373}
  - {fileID: 4002361582736343535}
  m_Father: {fileID: 0}
  m_RootOrder: 0
  m_LocalEulerAnglesHint: {x: 0, y: 163.384, z: 0}
--- !u!114 &91737062345244559
MonoBehaviour:
  m_ObjectHideFlags: 0
  m_CorrespondingSourceObject: {fileID: 0}
  m_PrefabInstance: {fileID: 0}
  m_PrefabAsset: {fileID: 0}
  m_GameObject: {fileID: 8480496572575043965}
  m_Enabled: 1
  m_EditorHideFlags: 0
  m_Script: {fileID: 11500000, guid: 423abcfd7c9fefb45a750dba791d5fc5, type: 3}
  m_Name: 
  m_EditorClassIdentifier: 
  RootNode: {fileID: 2158779329251642687}
  BoneGizmosSize: 0.01
  BoneColor: {r: 0.3726415, g: 0.57268584, b: 1, a: 1}
  HideRoot: 0
  EnableConstraint: 1
--- !u!95 &2179582725414007754
Animator:
  serializedVersion: 3
  m_ObjectHideFlags: 0
  m_CorrespondingSourceObject: {fileID: 0}
  m_PrefabInstance: {fileID: 0}
  m_PrefabAsset: {fileID: 0}
  m_GameObject: {fileID: 8480496572575043965}
  m_Enabled: 1
  m_Avatar: {fileID: 0}
  m_Controller: {fileID: 9100000, guid: 42f5e744d30f3ef42ab621a0a6a86770, type: 2}
  m_CullingMode: 0
  m_UpdateMode: 0
  m_ApplyRootMotion: 0
  m_LinearVelocityBlending: 0
  m_WarningMessage: 
  m_HasTransformHierarchy: 1
  m_AllowConstantClipSamplingOptimization: 1
  m_KeepAnimatorControllerStateOnDisable: 0
--- !u!1 &8594503010744408750
GameObject:
  m_ObjectHideFlags: 0
  m_CorrespondingSourceObject: {fileID: 0}
  m_PrefabInstance: {fileID: 0}
  m_PrefabAsset: {fileID: 0}
  serializedVersion: 6
  m_Component:
  - component: {fileID: 500392377519865079}
  m_Layer: 0
  m_Name: J_neck_L
  m_TagString: Untagged
  m_Icon: {fileID: 0}
  m_NavMeshLayer: 0
  m_StaticEditorFlags: 0
  m_IsActive: 1
--- !u!4 &500392377519865079
Transform:
  m_ObjectHideFlags: 0
  m_CorrespondingSourceObject: {fileID: 0}
  m_PrefabInstance: {fileID: 0}
  m_PrefabAsset: {fileID: 0}
  m_GameObject: {fileID: 8594503010744408750}
  m_LocalRotation: {x: 0.03744966, y: -0.05332187, z: 0.023065906, w: 0.9976083}
  m_LocalPosition: {x: 3.835024e-19, y: 0.23872823, z: -2.014838e-15}
  m_LocalScale: {x: 1, y: 1, z: 1}
  m_Children:
  - {fileID: 5559563348087851500}
  m_Father: {fileID: 1718335457668017550}
  m_RootOrder: 2
  m_LocalEulerAnglesHint: {x: 0, y: 0, z: 0}
--- !u!1 &8971501265224778258
GameObject:
  m_ObjectHideFlags: 0
  m_CorrespondingSourceObject: {fileID: 0}
  m_PrefabInstance: {fileID: 0}
  m_PrefabAsset: {fileID: 0}
  serializedVersion: 6
  m_Component:
  - component: {fileID: 4266245497146073684}
  m_Layer: 0
  m_Name: J_hat3
  m_TagString: Untagged
  m_Icon: {fileID: 0}
  m_NavMeshLayer: 0
  m_StaticEditorFlags: 0
  m_IsActive: 1
--- !u!4 &4266245497146073684
Transform:
  m_ObjectHideFlags: 0
  m_CorrespondingSourceObject: {fileID: 0}
  m_PrefabInstance: {fileID: 0}
  m_PrefabAsset: {fileID: 0}
  m_GameObject: {fileID: 8971501265224778258}
  m_LocalRotation: {x: 0.31821507, y: -0, z: -0, w: 0.94801855}
  m_LocalPosition: {x: -0, y: 0.12881805, z: 6.435755e-17}
  m_LocalScale: {x: 1, y: 1, z: 1}
  m_Children:
  - {fileID: 799083570918289573}
  m_Father: {fileID: 5694183324962757210}
  m_RootOrder: 0
  m_LocalEulerAnglesHint: {x: 0, y: 0, z: 0}
--- !u!1001 &828939152328927605
PrefabInstance:
  m_ObjectHideFlags: 0
  serializedVersion: 2
  m_Modification:
    m_TransformParent: {fileID: 2158779329251642687}
    m_Modifications:
    - target: {fileID: -8679921383154817045, guid: f673a5d3cafcd474a9fdbae81e2fd91e, type: 3}
      propertyPath: m_LocalPosition.x
      value: 0.116
      objectReference: {fileID: 0}
    - target: {fileID: -8679921383154817045, guid: f673a5d3cafcd474a9fdbae81e2fd91e, type: 3}
      propertyPath: m_LocalPosition.y
      value: -0.064
      objectReference: {fileID: 0}
    - target: {fileID: -8679921383154817045, guid: f673a5d3cafcd474a9fdbae81e2fd91e, type: 3}
      propertyPath: m_LocalPosition.z
      value: -0.089
      objectReference: {fileID: 0}
    - target: {fileID: -8679921383154817045, guid: f673a5d3cafcd474a9fdbae81e2fd91e, type: 3}
      propertyPath: m_LocalRotation.x
      value: 0.124799214
      objectReference: {fileID: 0}
    - target: {fileID: -8679921383154817045, guid: f673a5d3cafcd474a9fdbae81e2fd91e, type: 3}
      propertyPath: m_LocalRotation.y
      value: -0.8808643
      objectReference: {fileID: 0}
    - target: {fileID: -8679921383154817045, guid: f673a5d3cafcd474a9fdbae81e2fd91e, type: 3}
      propertyPath: m_LocalRotation.z
      value: -0.070272416
      objectReference: {fileID: 0}
    - target: {fileID: -8679921383154817045, guid: f673a5d3cafcd474a9fdbae81e2fd91e, type: 3}
      propertyPath: m_LocalRotation.w
      value: 0.4511819
      objectReference: {fileID: 0}
    - target: {fileID: -8679921383154817045, guid: f673a5d3cafcd474a9fdbae81e2fd91e, type: 3}
      propertyPath: m_RootOrder
      value: 3
      objectReference: {fileID: 0}
    - target: {fileID: -8679921383154817045, guid: f673a5d3cafcd474a9fdbae81e2fd91e, type: 3}
      propertyPath: m_LocalEulerAnglesHint.x
      value: -0.641
      objectReference: {fileID: 0}
    - target: {fileID: -8679921383154817045, guid: f673a5d3cafcd474a9fdbae81e2fd91e, type: 3}
      propertyPath: m_LocalEulerAnglesHint.y
      value: -125.664
      objectReference: {fileID: 0}
    - target: {fileID: -8679921383154817045, guid: f673a5d3cafcd474a9fdbae81e2fd91e, type: 3}
      propertyPath: m_LocalEulerAnglesHint.z
      value: -16.457
      objectReference: {fileID: 0}
    - target: {fileID: -7511558181221131132, guid: f673a5d3cafcd474a9fdbae81e2fd91e, type: 3}
      propertyPath: m_Materials.Array.data[0]
      value: 
      objectReference: {fileID: 2100000, guid: d2b7406cfe63f03448c30b66f7022793, type: 2}
    - target: {fileID: 919132149155446097, guid: f673a5d3cafcd474a9fdbae81e2fd91e, type: 3}
      propertyPath: m_Name
      value: Lamp
      objectReference: {fileID: 0}
    - target: {fileID: 8029106800918022278, guid: f673a5d3cafcd474a9fdbae81e2fd91e, type: 3}
      propertyPath: m_Materials.Array.data[0]
      value: 
      objectReference: {fileID: 2100000, guid: 3108b26dc20f37e44ab79d63cc7ea995, type: 2}
    m_RemovedComponents: []
  m_SourcePrefab: {fileID: 100100000, guid: f673a5d3cafcd474a9fdbae81e2fd91e, type: 3}
--- !u!4 &867579241033092766 stripped
Transform:
  m_CorrespondingSourceObject: {fileID: -8679921383154817045, guid: f673a5d3cafcd474a9fdbae81e2fd91e, type: 3}
  m_PrefabInstance: {fileID: 828939152328927605}
  m_PrefabAsset: {fileID: 0}
--- !u!1001 &7750598492800059074
PrefabInstance:
  m_ObjectHideFlags: 0
  serializedVersion: 2
  m_Modification:
    m_TransformParent: {fileID: 9149931394190838727}
    m_Modifications:
    - target: {fileID: 4587085090698905972, guid: 9cd988714e42c2548bf096ac53e0a2bc, type: 3}
      propertyPath: m_Materials.Array.data[0]
      value: 
      objectReference: {fileID: 2100000, guid: 742eb56176bc2f74da64387e8fbb3aaa, type: 2}
    - target: {fileID: 5498818420087651394, guid: 9cd988714e42c2548bf096ac53e0a2bc, type: 3}
      propertyPath: m_Materials.Array.data[0]
      value: 
      objectReference: {fileID: 2100000, guid: c7dbd5b5ce89b6b45bf414470cff8e34, type: 2}
    - target: {fileID: 6291324480100588951, guid: 9cd988714e42c2548bf096ac53e0a2bc, type: 3}
      propertyPath: m_Name
      value: Pioche_Hand
      objectReference: {fileID: 0}
    - target: {fileID: 6291324480100588951, guid: 9cd988714e42c2548bf096ac53e0a2bc, type: 3}
      propertyPath: m_IsActive
      value: 1
      objectReference: {fileID: 0}
    - target: {fileID: 6630590460508047149, guid: 9cd988714e42c2548bf096ac53e0a2bc, type: 3}
      propertyPath: m_LocalPosition.x
      value: -0.34822726
      objectReference: {fileID: 0}
    - target: {fileID: 6630590460508047149, guid: 9cd988714e42c2548bf096ac53e0a2bc, type: 3}
      propertyPath: m_LocalPosition.y
      value: 0.37011367
      objectReference: {fileID: 0}
    - target: {fileID: 6630590460508047149, guid: 9cd988714e42c2548bf096ac53e0a2bc, type: 3}
      propertyPath: m_LocalPosition.z
      value: 0.05670949
      objectReference: {fileID: 0}
    - target: {fileID: 6630590460508047149, guid: 9cd988714e42c2548bf096ac53e0a2bc, type: 3}
      propertyPath: m_LocalRotation.x
      value: 0.70764196
      objectReference: {fileID: 0}
    - target: {fileID: 6630590460508047149, guid: 9cd988714e42c2548bf096ac53e0a2bc, type: 3}
      propertyPath: m_LocalRotation.y
      value: -0.55119956
      objectReference: {fileID: 0}
    - target: {fileID: 6630590460508047149, guid: 9cd988714e42c2548bf096ac53e0a2bc, type: 3}
      propertyPath: m_LocalRotation.z
      value: -0.22290695
      objectReference: {fileID: 0}
    - target: {fileID: 6630590460508047149, guid: 9cd988714e42c2548bf096ac53e0a2bc, type: 3}
      propertyPath: m_LocalRotation.w
      value: 0.38175178
      objectReference: {fileID: 0}
    - target: {fileID: 6630590460508047149, guid: 9cd988714e42c2548bf096ac53e0a2bc, type: 3}
      propertyPath: m_RootOrder
      value: 3
      objectReference: {fileID: 0}
    - target: {fileID: 6630590460508047149, guid: 9cd988714e42c2548bf096ac53e0a2bc, type: 3}
      propertyPath: m_LocalEulerAnglesHint.x
      value: 58.665
      objectReference: {fileID: 0}
    - target: {fileID: 6630590460508047149, guid: 9cd988714e42c2548bf096ac53e0a2bc, type: 3}
      propertyPath: m_LocalEulerAnglesHint.y
      value: 397.55798
      objectReference: {fileID: 0}
    - target: {fileID: 6630590460508047149, guid: 9cd988714e42c2548bf096ac53e0a2bc, type: 3}
      propertyPath: m_LocalEulerAnglesHint.z
      value: 39.146
      objectReference: {fileID: 0}
    m_RemovedComponents: []
  m_SourcePrefab: {fileID: 100100000, guid: 9cd988714e42c2548bf096ac53e0a2bc, type: 3}
--- !u!1 &4377760572760644437 stripped
GameObject:
  m_CorrespondingSourceObject: {fileID: 6291324480100588951, guid: 9cd988714e42c2548bf096ac53e0a2bc, type: 3}
  m_PrefabInstance: {fileID: 7750598492800059074}
  m_PrefabAsset: {fileID: 0}
--- !u!4 &4002361582736343535 stripped
Transform:
  m_CorrespondingSourceObject: {fileID: 6630590460508047149, guid: 9cd988714e42c2548bf096ac53e0a2bc, type: 3}
  m_PrefabInstance: {fileID: 7750598492800059074}
  m_PrefabAsset: {fileID: 0}
--- !u!1001 &9124510747416546168
PrefabInstance:
  m_ObjectHideFlags: 0
  serializedVersion: 2
  m_Modification:
    m_TransformParent: {fileID: 9149931394190838727}
    m_Modifications:
    - target: {fileID: 4587085090698905972, guid: 9cd988714e42c2548bf096ac53e0a2bc, type: 3}
      propertyPath: m_Materials.Array.data[0]
      value: 
      objectReference: {fileID: 2100000, guid: 742eb56176bc2f74da64387e8fbb3aaa, type: 2}
    - target: {fileID: 5498818420087651394, guid: 9cd988714e42c2548bf096ac53e0a2bc, type: 3}
      propertyPath: m_Materials.Array.data[0]
      value: 
      objectReference: {fileID: 2100000, guid: c7dbd5b5ce89b6b45bf414470cff8e34, type: 2}
    - target: {fileID: 6291324480100588951, guid: 9cd988714e42c2548bf096ac53e0a2bc, type: 3}
      propertyPath: m_Name
      value: Pioche_Back
      objectReference: {fileID: 0}
    - target: {fileID: 6630590460508047149, guid: 9cd988714e42c2548bf096ac53e0a2bc, type: 3}
      propertyPath: m_LocalPosition.x
      value: -0.0021669865
      objectReference: {fileID: 0}
    - target: {fileID: 6630590460508047149, guid: 9cd988714e42c2548bf096ac53e0a2bc, type: 3}
      propertyPath: m_LocalPosition.y
      value: 0.5378003
      objectReference: {fileID: 0}
    - target: {fileID: 6630590460508047149, guid: 9cd988714e42c2548bf096ac53e0a2bc, type: 3}
      propertyPath: m_LocalPosition.z
      value: -0.08976404
      objectReference: {fileID: 0}
    - target: {fileID: 6630590460508047149, guid: 9cd988714e42c2548bf096ac53e0a2bc, type: 3}
      propertyPath: m_LocalRotation.x
      value: 0.2520519
      objectReference: {fileID: 0}
    - target: {fileID: 6630590460508047149, guid: 9cd988714e42c2548bf096ac53e0a2bc, type: 3}
      propertyPath: m_LocalRotation.y
      value: 0.4839622
      objectReference: {fileID: 0}
    - target: {fileID: 6630590460508047149, guid: 9cd988714e42c2548bf096ac53e0a2bc, type: 3}
      propertyPath: m_LocalRotation.z
      value: -0.2403774
      objectReference: {fileID: 0}
    - target: {fileID: 6630590460508047149, guid: 9cd988714e42c2548bf096ac53e0a2bc, type: 3}
      propertyPath: m_LocalRotation.w
      value: 0.8027884
      objectReference: {fileID: 0}
    - target: {fileID: 6630590460508047149, guid: 9cd988714e42c2548bf096ac53e0a2bc, type: 3}
      propertyPath: m_RootOrder
      value: 2
      objectReference: {fileID: 0}
    - target: {fileID: 6630590460508047149, guid: 9cd988714e42c2548bf096ac53e0a2bc, type: 3}
      propertyPath: m_LocalEulerAnglesHint.x
      value: 33.59
      objectReference: {fileID: 0}
    - target: {fileID: 6630590460508047149, guid: 9cd988714e42c2548bf096ac53e0a2bc, type: 3}
      propertyPath: m_LocalEulerAnglesHint.y
      value: 53.438
      objectReference: {fileID: 0}
    - target: {fileID: 6630590460508047149, guid: 9cd988714e42c2548bf096ac53e0a2bc, type: 3}
      propertyPath: m_LocalEulerAnglesHint.z
      value: -18.69
      objectReference: {fileID: 0}
    m_RemovedComponents: []
  m_SourcePrefab: {fileID: 100100000, guid: 9cd988714e42c2548bf096ac53e0a2bc, type: 3}
--- !u!1 &3021775052642326255 stripped
GameObject:
  m_CorrespondingSourceObject: {fileID: 6291324480100588951, guid: 9cd988714e42c2548bf096ac53e0a2bc, type: 3}
  m_PrefabInstance: {fileID: 9124510747416546168}
  m_PrefabAsset: {fileID: 0}
--- !u!4 &2496208925763980373 stripped
Transform:
  m_CorrespondingSourceObject: {fileID: 6630590460508047149, guid: 9cd988714e42c2548bf096ac53e0a2bc, type: 3}
  m_PrefabInstance: {fileID: 9124510747416546168}
  m_PrefabAsset: {fileID: 0}
