%YAML 1.1
%TAG !u! tag:unity3d.com,2011:
--- !u!1 &3329445161114336396
GameObject:
  m_ObjectHideFlags: 0
  m_CorrespondingSourceObject: {fileID: 0}
  m_PrefabInstance: {fileID: 0}
  m_PrefabAsset: {fileID: 0}
  serializedVersion: 6
  m_Component:
  - component: {fileID: 3329445161114336399}
  - component: {fileID: 3329445161114336398}
  - component: {fileID: 3329445161114336397}
  - component: {fileID: 1998276208285139270}
  m_Layer: 10
  m_Name: DestructibleObject
  m_TagString: Untagged
  m_Icon: {fileID: 0}
  m_NavMeshLayer: 0
  m_StaticEditorFlags: 0
  m_IsActive: 1
--- !u!4 &3329445161114336399
Transform:
  m_ObjectHideFlags: 0
  m_CorrespondingSourceObject: {fileID: 0}
  m_PrefabInstance: {fileID: 0}
  m_PrefabAsset: {fileID: 0}
  m_GameObject: {fileID: 3329445161114336396}
  m_LocalRotation: {x: 0, y: 0, z: 0, w: 1}
  m_LocalPosition: {x: 0, y: 0, z: 0}
  m_LocalScale: {x: 1, y: 1, z: 1}
  m_Children:
  - {fileID: 1205602207118483577}
  - {fileID: 587738597059917915}
  - {fileID: 4158474111294393993}
  - {fileID: 8474011328342303322}
  - {fileID: 4586430144410085594}
  - {fileID: 7860437094103502175}
  - {fileID: 6756180053796585570}
  m_Father: {fileID: 0}
  m_RootOrder: 0
  m_LocalEulerAnglesHint: {x: 0, y: 0, z: 0}
--- !u!114 &3329445161114336398
MonoBehaviour:
  m_ObjectHideFlags: 0
  m_CorrespondingSourceObject: {fileID: 0}
  m_PrefabInstance: {fileID: 0}
  m_PrefabAsset: {fileID: 0}
  m_GameObject: {fileID: 3329445161114336396}
  m_Enabled: 1
  m_EditorHideFlags: 0
  m_Script: {fileID: 11500000, guid: fc718076680f9234fb117e0ac21ffb94, type: 3}
  m_Name: 
  m_EditorClassIdentifier: 
  hp: 3
  max_hp: 3
  side: 2
  m_HasRagdoll: 0
  m_RagdollPool: {fileID: 0}
  m_RagdollForceMultiplier: 35
  m_OnDamaged:
    m_PersistentCalls:
      m_Calls:
      - m_Target: {fileID: 398579261351504310}
        m_TargetAssemblyTypeName: UnityEngine.ParticleSystem, UnityEngine
        m_MethodName: Play
        m_Mode: 1
        m_Arguments:
          m_ObjectArgument: {fileID: 0}
          m_ObjectArgumentAssemblyTypeName: UnityEngine.Object, UnityEngine
          m_IntArgument: 0
          m_FloatArgument: 0
          m_StringArgument: 
          m_BoolArgument: 0
        m_CallState: 2
      - m_Target: {fileID: 8933797365487360332}
        m_TargetAssemblyTypeName: PlayAudioClip, Assembly-CSharp
        m_MethodName: PlayOnce
        m_Mode: 1
        m_Arguments:
          m_ObjectArgument: {fileID: 0}
          m_ObjectArgumentAssemblyTypeName: UnityEngine.Object, UnityEngine
          m_IntArgument: 0
          m_FloatArgument: 0
          m_StringArgument: 
          m_BoolArgument: 0
        m_CallState: 2
  m_OnDestroyed:
    m_PersistentCalls:
      m_Calls:
      - m_Target: {fileID: 6934767425899497375}
        m_TargetAssemblyTypeName: UnityEngine.GameObject, UnityEngine
        m_MethodName: SetActive
        m_Mode: 6
        m_Arguments:
          m_ObjectArgument: {fileID: 0}
          m_ObjectArgumentAssemblyTypeName: UnityEngine.Object, UnityEngine
          m_IntArgument: 0
          m_FloatArgument: 0
          m_StringArgument: 
          m_BoolArgument: 0
        m_CallState: 2
      - m_Target: {fileID: 8838064467505438920}
        m_TargetAssemblyTypeName: PlayAudioClip, Assembly-CSharp
        m_MethodName: PlayOnce
        m_Mode: 1
        m_Arguments:
          m_ObjectArgument: {fileID: 0}
          m_ObjectArgumentAssemblyTypeName: UnityEngine.Object, UnityEngine
          m_IntArgument: 0
          m_FloatArgument: 0
          m_StringArgument: 
          m_BoolArgument: 0
        m_CallState: 2
  m_OnDontDamage:
    m_PersistentCalls:
      m_Calls:
      - m_Target: {fileID: 3328081090016680610}
        m_TargetAssemblyTypeName: UnityEngine.ParticleSystem, UnityEngine
        m_MethodName: Play
        m_Mode: 1
        m_Arguments:
          m_ObjectArgument: {fileID: 0}
          m_ObjectArgumentAssemblyTypeName: UnityEngine.Object, UnityEngine
          m_IntArgument: 0
          m_FloatArgument: 0
          m_StringArgument: 
          m_BoolArgument: 0
        m_CallState: 2
      - m_Target: {fileID: 3059354813820904015}
        m_TargetAssemblyTypeName: PlayAudioClip, Assembly-CSharp
        m_MethodName: PlayOnce
        m_Mode: 1
        m_Arguments:
          m_ObjectArgument: {fileID: 0}
          m_ObjectArgumentAssemblyTypeName: UnityEngine.Object, UnityEngine
          m_IntArgument: 0
          m_FloatArgument: 0
          m_StringArgument: 
          m_BoolArgument: 0
        m_CallState: 2
  m_DestroyedFX: {fileID: 5881966316661125453}
--- !u!65 &3329445161114336397
BoxCollider:
  m_ObjectHideFlags: 0
  m_CorrespondingSourceObject: {fileID: 0}
  m_PrefabInstance: {fileID: 0}
  m_PrefabAsset: {fileID: 0}
  m_GameObject: {fileID: 3329445161114336396}
  m_Material: {fileID: 0}
  m_IsTrigger: 0
  m_Enabled: 1
  serializedVersion: 2
  m_Size: {x: 1, y: 1, z: 1}
  m_Center: {x: 0, y: 0, z: 0}
--- !u!208 &1998276208285139270
NavMeshObstacle:
  m_ObjectHideFlags: 0
  m_CorrespondingSourceObject: {fileID: 0}
  m_PrefabInstance: {fileID: 0}
  m_PrefabAsset: {fileID: 0}
  m_GameObject: {fileID: 3329445161114336396}
  m_Enabled: 1
  serializedVersion: 3
  m_Shape: 1
  m_Extents: {x: 0.5, y: 0.5, z: 0.5}
  m_MoveThreshold: 0
  m_Carve: 1
  m_CarveOnlyStationary: 1
  m_Center: {x: 0, y: 0, z: 0}
  m_TimeToStationary: 0
--- !u!1 &5523188364459519954
GameObject:
  m_ObjectHideFlags: 0
  m_CorrespondingSourceObject: {fileID: 0}
  m_PrefabInstance: {fileID: 0}
  m_PrefabAsset: {fileID: 0}
  serializedVersion: 6
  m_Component:
  - component: {fileID: 7860437094103502175}
  - component: {fileID: 8933797365487360332}
  m_Layer: 10
  m_Name: HitSound
  m_TagString: Untagged
  m_Icon: {fileID: 0}
  m_NavMeshLayer: 0
  m_StaticEditorFlags: 0
  m_IsActive: 1
--- !u!4 &7860437094103502175
Transform:
  m_ObjectHideFlags: 0
  m_CorrespondingSourceObject: {fileID: 0}
  m_PrefabInstance: {fileID: 0}
  m_PrefabAsset: {fileID: 0}
  m_GameObject: {fileID: 5523188364459519954}
  m_LocalRotation: {x: -0, y: -0, z: -0, w: -1}
  m_LocalPosition: {x: 0, y: 0, z: 0}
  m_LocalScale: {x: 1, y: 1, z: 1}
  m_Children: []
  m_Father: {fileID: 3329445161114336399}
  m_RootOrder: 5
  m_LocalEulerAnglesHint: {x: 0, y: 0, z: 0}
--- !u!114 &8933797365487360332
MonoBehaviour:
  m_ObjectHideFlags: 0
  m_CorrespondingSourceObject: {fileID: 0}
  m_PrefabInstance: {fileID: 0}
  m_PrefabAsset: {fileID: 0}
  m_GameObject: {fileID: 5523188364459519954}
  m_Enabled: 1
  m_EditorHideFlags: 0
  m_Script: {fileID: 11500000, guid: c937116280549194ca9fb3caa2232945, type: 3}
  m_Name: 
  m_EditorClassIdentifier: 
  m_playOnStart: 0
  m_loop: 0
  m_clip: Hit_Pierre
  m_clips: []
--- !u!1 &6745493143669921887
GameObject:
  m_ObjectHideFlags: 0
  m_CorrespondingSourceObject: {fileID: 0}
  m_PrefabInstance: {fileID: 0}
  m_PrefabAsset: {fileID: 0}
  serializedVersion: 6
  m_Component:
  - component: {fileID: 6756180053796585570}
  - component: {fileID: 3059354813820904015}
  m_Layer: 10
  m_Name: NopeSound
  m_TagString: Untagged
  m_Icon: {fileID: 0}
  m_NavMeshLayer: 0
  m_StaticEditorFlags: 0
  m_IsActive: 1
--- !u!4 &6756180053796585570
Transform:
  m_ObjectHideFlags: 0
  m_CorrespondingSourceObject: {fileID: 0}
  m_PrefabInstance: {fileID: 0}
  m_PrefabAsset: {fileID: 0}
  m_GameObject: {fileID: 6745493143669921887}
  m_LocalRotation: {x: -0, y: -0, z: -0, w: -1}
  m_LocalPosition: {x: -1.54, y: 0.97, z: 14.71}
  m_LocalScale: {x: 1, y: 1, z: 1}
  m_Children: []
  m_Father: {fileID: 3329445161114336399}
  m_RootOrder: 6
  m_LocalEulerAnglesHint: {x: 0, y: 0, z: 0}
--- !u!114 &3059354813820904015
MonoBehaviour:
  m_ObjectHideFlags: 0
  m_CorrespondingSourceObject: {fileID: 0}
  m_PrefabInstance: {fileID: 0}
  m_PrefabAsset: {fileID: 0}
  m_GameObject: {fileID: 6745493143669921887}
  m_Enabled: 1
  m_EditorHideFlags: 0
  m_Script: {fileID: 11500000, guid: c937116280549194ca9fb3caa2232945, type: 3}
  m_Name: 
  m_EditorClassIdentifier: 
  m_playOnStart: 0
  m_loop: 0
  m_clip: Nope
  m_clips: []
--- !u!1 &8016889011658901578
GameObject:
  m_ObjectHideFlags: 0
  m_CorrespondingSourceObject: {fileID: 0}
  m_PrefabInstance: {fileID: 0}
  m_PrefabAsset: {fileID: 0}
  serializedVersion: 6
  m_Component:
  - component: {fileID: 4586430144410085594}
  - component: {fileID: 8838064467505438920}
  m_Layer: 10
  m_Name: DeathSound
  m_TagString: Untagged
  m_Icon: {fileID: 0}
  m_NavMeshLayer: 0
  m_StaticEditorFlags: 0
  m_IsActive: 1
--- !u!4 &4586430144410085594
Transform:
  m_ObjectHideFlags: 0
  m_CorrespondingSourceObject: {fileID: 0}
  m_PrefabInstance: {fileID: 0}
  m_PrefabAsset: {fileID: 0}
  m_GameObject: {fileID: 8016889011658901578}
  m_LocalRotation: {x: -0, y: -0, z: -0, w: -1}
  m_LocalPosition: {x: 0, y: 0, z: 0}
  m_LocalScale: {x: 1, y: 1, z: 1}
  m_Children: []
  m_Father: {fileID: 3329445161114336399}
  m_RootOrder: 4
  m_LocalEulerAnglesHint: {x: 0, y: 0, z: 0}
--- !u!114 &8838064467505438920
MonoBehaviour:
  m_ObjectHideFlags: 0
  m_CorrespondingSourceObject: {fileID: 0}
  m_PrefabInstance: {fileID: 0}
  m_PrefabAsset: {fileID: 0}
  m_GameObject: {fileID: 8016889011658901578}
  m_Enabled: 1
  m_EditorHideFlags: 0
  m_Script: {fileID: 11500000, guid: c937116280549194ca9fb3caa2232945, type: 3}
  m_Name: 
  m_EditorClassIdentifier: 
  m_playOnStart: 0
  m_loop: 0
  m_clip: Rock_Break
  m_clips: []
--- !u!1001 &3037222271236420963
PrefabInstance:
  m_ObjectHideFlags: 0
  serializedVersion: 2
  m_Modification:
    m_TransformParent: {fileID: 3329445161114336399}
    m_Modifications:
    - target: {fileID: 291002854964998081, guid: 5ac67f90ece6d0b4681f17da64e84409, type: 3}
      propertyPath: playOnAwake
      value: 0
      objectReference: {fileID: 0}
    - target: {fileID: 486724849594541427, guid: 5ac67f90ece6d0b4681f17da64e84409, type: 3}
      propertyPath: m_Name
      value: Nope_VFX
      objectReference: {fileID: 0}
    - target: {fileID: 2048609148690581681, guid: 5ac67f90ece6d0b4681f17da64e84409, type: 3}
      propertyPath: playOnAwake
      value: 0
      objectReference: {fileID: 0}
    - target: {fileID: 4223612571402032410, guid: 5ac67f90ece6d0b4681f17da64e84409, type: 3}
      propertyPath: m_LocalPosition.x
      value: 0
      objectReference: {fileID: 0}
    - target: {fileID: 4223612571402032410, guid: 5ac67f90ece6d0b4681f17da64e84409, type: 3}
      propertyPath: m_LocalPosition.y
      value: 0.5
      objectReference: {fileID: 0}
    - target: {fileID: 4223612571402032410, guid: 5ac67f90ece6d0b4681f17da64e84409, type: 3}
      propertyPath: m_LocalPosition.z
      value: -0
      objectReference: {fileID: 0}
    - target: {fileID: 4223612571402032410, guid: 5ac67f90ece6d0b4681f17da64e84409, type: 3}
      propertyPath: m_LocalRotation.x
      value: 0
      objectReference: {fileID: 0}
    - target: {fileID: 4223612571402032410, guid: 5ac67f90ece6d0b4681f17da64e84409, type: 3}
      propertyPath: m_LocalRotation.y
      value: 0
      objectReference: {fileID: 0}
    - target: {fileID: 4223612571402032410, guid: 5ac67f90ece6d0b4681f17da64e84409, type: 3}
      propertyPath: m_LocalRotation.z
      value: 0
      objectReference: {fileID: 0}
    - target: {fileID: 4223612571402032410, guid: 5ac67f90ece6d0b4681f17da64e84409, type: 3}
      propertyPath: m_LocalRotation.w
      value: 1
      objectReference: {fileID: 0}
    - target: {fileID: 4223612571402032410, guid: 5ac67f90ece6d0b4681f17da64e84409, type: 3}
      propertyPath: m_RootOrder
      value: 0
      objectReference: {fileID: 0}
    - target: {fileID: 4223612571402032410, guid: 5ac67f90ece6d0b4681f17da64e84409, type: 3}
      propertyPath: m_LocalEulerAnglesHint.x
      value: 0
      objectReference: {fileID: 0}
    - target: {fileID: 4223612571402032410, guid: 5ac67f90ece6d0b4681f17da64e84409, type: 3}
      propertyPath: m_LocalEulerAnglesHint.y
      value: 0
      objectReference: {fileID: 0}
    - target: {fileID: 4223612571402032410, guid: 5ac67f90ece6d0b4681f17da64e84409, type: 3}
      propertyPath: m_LocalEulerAnglesHint.z
      value: 0
      objectReference: {fileID: 0}
    - target: {fileID: 4223612571402032410, guid: 5ac67f90ece6d0b4681f17da64e84409, type: 3}
      propertyPath: m_LocalScale.x
      value: 2
      objectReference: {fileID: 0}
    - target: {fileID: 4223612571402032410, guid: 5ac67f90ece6d0b4681f17da64e84409, type: 3}
      propertyPath: m_LocalScale.y
      value: 2
      objectReference: {fileID: 0}
    - target: {fileID: 4223612571402032410, guid: 5ac67f90ece6d0b4681f17da64e84409, type: 3}
      propertyPath: m_LocalScale.z
      value: 2
      objectReference: {fileID: 0}
    - target: {fileID: 5763790435004504509, guid: 5ac67f90ece6d0b4681f17da64e84409, type: 3}
      propertyPath: playOnAwake
      value: 0
      objectReference: {fileID: 0}
    - target: {fileID: 6257673733069620446, guid: 5ac67f90ece6d0b4681f17da64e84409, type: 3}
      propertyPath: m_SortMode
      value: 0
      objectReference: {fileID: 0}
    - target: {fileID: 6257673733069620446, guid: 5ac67f90ece6d0b4681f17da64e84409, type: 3}
      propertyPath: m_SortingOrder
      value: 0
      objectReference: {fileID: 0}
    m_RemovedComponents: []
  m_SourcePrefab: {fileID: 100100000, guid: 5ac67f90ece6d0b4681f17da64e84409, type: 3}
--- !u!4 &1205602207118483577 stripped
Transform:
  m_CorrespondingSourceObject: {fileID: 4223612571402032410, guid: 5ac67f90ece6d0b4681f17da64e84409, type: 3}
  m_PrefabInstance: {fileID: 3037222271236420963}
  m_PrefabAsset: {fileID: 0}
--- !u!198 &3328081090016680610 stripped
ParticleSystem:
  m_CorrespondingSourceObject: {fileID: 291002854964998081, guid: 5ac67f90ece6d0b4681f17da64e84409, type: 3}
  m_PrefabInstance: {fileID: 3037222271236420963}
  m_PrefabAsset: {fileID: 0}
--- !u!1001 &4787163989353006712
PrefabInstance:
  m_ObjectHideFlags: 0
  serializedVersion: 2
  m_Modification:
    m_TransformParent: {fileID: 3329445161114336399}
    m_Modifications:
    - target: {fileID: 1427532761183008565, guid: a0e229a146604b54f8ed308b19d3db90, type: 3}
      propertyPath: m_Name
      value: RockBreak_VFX (1)
      objectReference: {fileID: 0}
    - target: {fileID: 1427532761183008565, guid: a0e229a146604b54f8ed308b19d3db90, type: 3}
      propertyPath: m_IsActive
      value: 0
      objectReference: {fileID: 0}
    - target: {fileID: 2683369630343073123, guid: a0e229a146604b54f8ed308b19d3db90, type: 3}
      propertyPath: playOnAwake
      value: 1
      objectReference: {fileID: 0}
    - target: {fileID: 7958035547074755154, guid: a0e229a146604b54f8ed308b19d3db90, type: 3}
      propertyPath: playOnAwake
      value: 1
      objectReference: {fileID: 0}
    - target: {fileID: 8537324030939273500, guid: a0e229a146604b54f8ed308b19d3db90, type: 3}
      propertyPath: playOnAwake
      value: 0
      objectReference: {fileID: 0}
    - target: {fileID: 8537324030939273500, guid: a0e229a146604b54f8ed308b19d3db90, type: 3}
      propertyPath: stopAction
      value: 2
      objectReference: {fileID: 0}
    - target: {fileID: 8537324030939273500, guid: a0e229a146604b54f8ed308b19d3db90, type: 3}
      propertyPath: CollisionModule.collidesWith.m_Bits
      value: 311
      objectReference: {fileID: 0}
    - target: {fileID: 8924641750290647281, guid: a0e229a146604b54f8ed308b19d3db90, type: 3}
      propertyPath: m_LocalPosition.x
      value: 0
      objectReference: {fileID: 0}
    - target: {fileID: 8924641750290647281, guid: a0e229a146604b54f8ed308b19d3db90, type: 3}
      propertyPath: m_LocalPosition.y
      value: 0
      objectReference: {fileID: 0}
    - target: {fileID: 8924641750290647281, guid: a0e229a146604b54f8ed308b19d3db90, type: 3}
      propertyPath: m_LocalPosition.z
      value: 0
      objectReference: {fileID: 0}
    - target: {fileID: 8924641750290647281, guid: a0e229a146604b54f8ed308b19d3db90, type: 3}
      propertyPath: m_LocalRotation.x
      value: 0
      objectReference: {fileID: 0}
    - target: {fileID: 8924641750290647281, guid: a0e229a146604b54f8ed308b19d3db90, type: 3}
      propertyPath: m_LocalRotation.y
      value: 0
      objectReference: {fileID: 0}
    - target: {fileID: 8924641750290647281, guid: a0e229a146604b54f8ed308b19d3db90, type: 3}
      propertyPath: m_LocalRotation.z
      value: 0
      objectReference: {fileID: 0}
    - target: {fileID: 8924641750290647281, guid: a0e229a146604b54f8ed308b19d3db90, type: 3}
      propertyPath: m_LocalRotation.w
      value: 1
      objectReference: {fileID: 0}
    - target: {fileID: 8924641750290647281, guid: a0e229a146604b54f8ed308b19d3db90, type: 3}
      propertyPath: m_RootOrder
      value: 2
      objectReference: {fileID: 0}
    - target: {fileID: 8924641750290647281, guid: a0e229a146604b54f8ed308b19d3db90, type: 3}
      propertyPath: m_LocalEulerAnglesHint.x
      value: 0
      objectReference: {fileID: 0}
    - target: {fileID: 8924641750290647281, guid: a0e229a146604b54f8ed308b19d3db90, type: 3}
      propertyPath: m_LocalEulerAnglesHint.y
      value: 0
      objectReference: {fileID: 0}
    - target: {fileID: 8924641750290647281, guid: a0e229a146604b54f8ed308b19d3db90, type: 3}
      propertyPath: m_LocalEulerAnglesHint.z
      value: 0
      objectReference: {fileID: 0}
    m_RemovedComponents: []
  m_SourcePrefab: {fileID: 100100000, guid: a0e229a146604b54f8ed308b19d3db90, type: 3}
--- !u!1 &5881966316661125453 stripped
GameObject:
  m_CorrespondingSourceObject: {fileID: 1427532761183008565, guid: a0e229a146604b54f8ed308b19d3db90, type: 3}
  m_PrefabInstance: {fileID: 4787163989353006712}
  m_PrefabAsset: {fileID: 0}
--- !u!4 &4158474111294393993 stripped
Transform:
  m_CorrespondingSourceObject: {fileID: 8924641750290647281, guid: a0e229a146604b54f8ed308b19d3db90, type: 3}
  m_PrefabInstance: {fileID: 4787163989353006712}
  m_PrefabAsset: {fileID: 0}
--- !u!1001 &8354919757274362026
PrefabInstance:
  m_ObjectHideFlags: 0
  serializedVersion: 2
  m_Modification:
    m_TransformParent: {fileID: 3329445161114336399}
    m_Modifications:
    - target: {fileID: 1427532761183008565, guid: a0e229a146604b54f8ed308b19d3db90, type: 3}
      propertyPath: m_Name
      value: RockBreak_VFX
      objectReference: {fileID: 0}
    - target: {fileID: 2683369630343073123, guid: a0e229a146604b54f8ed308b19d3db90, type: 3}
      propertyPath: playOnAwake
      value: 0
      objectReference: {fileID: 0}
    - target: {fileID: 7958035547074755154, guid: a0e229a146604b54f8ed308b19d3db90, type: 3}
      propertyPath: playOnAwake
      value: 0
      objectReference: {fileID: 0}
    - target: {fileID: 8537324030939273500, guid: a0e229a146604b54f8ed308b19d3db90, type: 3}
      propertyPath: playOnAwake
      value: 0
      objectReference: {fileID: 0}
    - target: {fileID: 8537324030939273500, guid: a0e229a146604b54f8ed308b19d3db90, type: 3}
      propertyPath: stopAction
      value: 0
      objectReference: {fileID: 0}
    - target: {fileID: 8537324030939273500, guid: a0e229a146604b54f8ed308b19d3db90, type: 3}
      propertyPath: CollisionModule.collidesWith.m_Bits
      value: 311
      objectReference: {fileID: 0}
    - target: {fileID: 8924641750290647281, guid: a0e229a146604b54f8ed308b19d3db90, type: 3}
      propertyPath: m_LocalPosition.x
      value: 0
      objectReference: {fileID: 0}
    - target: {fileID: 8924641750290647281, guid: a0e229a146604b54f8ed308b19d3db90, type: 3}
      propertyPath: m_LocalPosition.y
      value: 0
      objectReference: {fileID: 0}
    - target: {fileID: 8924641750290647281, guid: a0e229a146604b54f8ed308b19d3db90, type: 3}
      propertyPath: m_LocalPosition.z
      value: 0
      objectReference: {fileID: 0}
    - target: {fileID: 8924641750290647281, guid: a0e229a146604b54f8ed308b19d3db90, type: 3}
      propertyPath: m_LocalRotation.x
      value: 0
      objectReference: {fileID: 0}
    - target: {fileID: 8924641750290647281, guid: a0e229a146604b54f8ed308b19d3db90, type: 3}
      propertyPath: m_LocalRotation.y
      value: 0
      objectReference: {fileID: 0}
    - target: {fileID: 8924641750290647281, guid: a0e229a146604b54f8ed308b19d3db90, type: 3}
      propertyPath: m_LocalRotation.z
      value: 0
      objectReference: {fileID: 0}
    - target: {fileID: 8924641750290647281, guid: a0e229a146604b54f8ed308b19d3db90, type: 3}
      propertyPath: m_LocalRotation.w
      value: 1
      objectReference: {fileID: 0}
    - target: {fileID: 8924641750290647281, guid: a0e229a146604b54f8ed308b19d3db90, type: 3}
      propertyPath: m_RootOrder
      value: 1
      objectReference: {fileID: 0}
    - target: {fileID: 8924641750290647281, guid: a0e229a146604b54f8ed308b19d3db90, type: 3}
      propertyPath: m_LocalEulerAnglesHint.x
      value: 0
      objectReference: {fileID: 0}
    - target: {fileID: 8924641750290647281, guid: a0e229a146604b54f8ed308b19d3db90, type: 3}
      propertyPath: m_LocalEulerAnglesHint.y
      value: 0
      objectReference: {fileID: 0}
    - target: {fileID: 8924641750290647281, guid: a0e229a146604b54f8ed308b19d3db90, type: 3}
      propertyPath: m_LocalEulerAnglesHint.z
      value: 0
      objectReference: {fileID: 0}
    m_RemovedComponents: []
  m_SourcePrefab: {fileID: 100100000, guid: a0e229a146604b54f8ed308b19d3db90, type: 3}
--- !u!1 &6934767425899497375 stripped
GameObject:
  m_CorrespondingSourceObject: {fileID: 1427532761183008565, guid: a0e229a146604b54f8ed308b19d3db90, type: 3}
  m_PrefabInstance: {fileID: 8354919757274362026}
  m_PrefabAsset: {fileID: 0}
--- !u!4 &587738597059917915 stripped
Transform:
  m_CorrespondingSourceObject: {fileID: 8924641750290647281, guid: a0e229a146604b54f8ed308b19d3db90, type: 3}
  m_PrefabInstance: {fileID: 8354919757274362026}
  m_PrefabAsset: {fileID: 0}
--- !u!198 &398579261351504310 stripped
ParticleSystem:
  m_CorrespondingSourceObject: {fileID: 8537324030939273500, guid: a0e229a146604b54f8ed308b19d3db90, type: 3}
  m_PrefabInstance: {fileID: 8354919757274362026}
  m_PrefabAsset: {fileID: 0}
--- !u!1001 &9190469591988936809
PrefabInstance:
  m_ObjectHideFlags: 0
  serializedVersion: 2
  m_Modification:
    m_TransformParent: {fileID: 3329445161114336399}
    m_Modifications:
    - target: {fileID: 97240455758829705, guid: 0e3dcbf299003f246b50f8dd07d836cb, type: 3}
      propertyPath: m_Name
      value: Rocher_Cassable
      objectReference: {fileID: 0}
    - target: {fileID: 725826114810610227, guid: 0e3dcbf299003f246b50f8dd07d836cb, type: 3}
      propertyPath: m_LocalPosition.x
      value: 0
      objectReference: {fileID: 0}
    - target: {fileID: 725826114810610227, guid: 0e3dcbf299003f246b50f8dd07d836cb, type: 3}
      propertyPath: m_LocalPosition.y
      value: 0
      objectReference: {fileID: 0}
    - target: {fileID: 725826114810610227, guid: 0e3dcbf299003f246b50f8dd07d836cb, type: 3}
      propertyPath: m_LocalPosition.z
      value: 0
      objectReference: {fileID: 0}
    - target: {fileID: 725826114810610227, guid: 0e3dcbf299003f246b50f8dd07d836cb, type: 3}
      propertyPath: m_LocalRotation.x
      value: 0
      objectReference: {fileID: 0}
    - target: {fileID: 725826114810610227, guid: 0e3dcbf299003f246b50f8dd07d836cb, type: 3}
      propertyPath: m_LocalRotation.y
      value: -0
      objectReference: {fileID: 0}
    - target: {fileID: 725826114810610227, guid: 0e3dcbf299003f246b50f8dd07d836cb, type: 3}
      propertyPath: m_LocalRotation.z
      value: -0
      objectReference: {fileID: 0}
    - target: {fileID: 725826114810610227, guid: 0e3dcbf299003f246b50f8dd07d836cb, type: 3}
      propertyPath: m_LocalRotation.w
      value: 1
      objectReference: {fileID: 0}
    - target: {fileID: 725826114810610227, guid: 0e3dcbf299003f246b50f8dd07d836cb, type: 3}
      propertyPath: m_RootOrder
      value: 3
      objectReference: {fileID: 0}
    - target: {fileID: 725826114810610227, guid: 0e3dcbf299003f246b50f8dd07d836cb, type: 3}
      propertyPath: m_LocalEulerAnglesHint.x
      value: 0
      objectReference: {fileID: 0}
    - target: {fileID: 725826114810610227, guid: 0e3dcbf299003f246b50f8dd07d836cb, type: 3}
      propertyPath: m_LocalEulerAnglesHint.y
      value: 0
      objectReference: {fileID: 0}
    - target: {fileID: 725826114810610227, guid: 0e3dcbf299003f246b50f8dd07d836cb, type: 3}
      propertyPath: m_LocalEulerAnglesHint.z
      value: 0
      objectReference: {fileID: 0}
    m_RemovedComponents: []
  m_SourcePrefab: {fileID: 100100000, guid: 0e3dcbf299003f246b50f8dd07d836cb, type: 3}
--- !u!4 &8474011328342303322 stripped
Transform:
  m_CorrespondingSourceObject: {fileID: 725826114810610227, guid: 0e3dcbf299003f246b50f8dd07d836cb, type: 3}
  m_PrefabInstance: {fileID: 9190469591988936809}
  m_PrefabAsset: {fileID: 0}
